[22:06:55] [DEBUG] Using proactor: IocpProactor
[22:06:56] [INFO] {'e': 'trade', 'E': 1758373615890, 's': 'BTCUSDT', 't': 5245487872, 'p': '115868.90000000', 'q': '0.00079000', 'T': 1758373615889, 'm': True, 'M': True}
[22:06:57] [INFO] {'e': 'trade', 'E': 1758373617939, 's': 'BTCUSDT', 't': 5245487879, 'p': '115868.90000000', 'q': '0.00496000', 'T': 1758373617939, 'm': True, 'M': True}
[22:06:58] [INFO] {'e': 'trade', 'E': 1758373618502, 's': 'BTCUSDT', 't': 5245487882, 'p': '115868.90000000', 'q': '0.00011000', 'T': 1758373618501, 'm': True, 'M': True}
[22:07:00] [INFO] {'e': 'trade', 'E': 1758373620820, 's': 'BTCUSDT', 't': 5245487886, 'p': '115868.91000000', 'q': '0.00200000', 'T': 1758373620820, 'm': False, 'M': True}
[22:07:01] [INFO] {'e': 'trade', 'E': 1758373621123, 's': 'BTCUSDT', 't': 5245487888, 'p': '115868.91000000', 'q': '0.00067000', 'T': 1758373621123, 'm': False, 'M': True}
[22:07:02] [INFO] {'e': 'trade', 'E': 1758373622367, 's': 'BTCUSDT', 't': 5245487893, 'p': '115868.90000000', 'q': '0.00129000', 'T': 1758373622367, 'm': True, 'M': True}
[22:07:02] [INFO] {'e': 'trade', 'E': 1758373622654, 's': 'BTCUSDT', 't': 5245487895, 'p': '115868.91000000', 'q': '0.02158000', 'T': 1758373622654, 'm': False, 'M': True}
[22:07:02] [INFO] {'e': 'trade', 'E': 1758373622690, 's': 'BTCUSDT', 't': 5245487896, 'p': '115868.91000000', 'q': '0.00093000', 'T': 1758373622690, 'm': False, 'M': True}
[22:07:02] [INFO] {'e': 'trade', 'E': 1758373622694, 's': 'BTCUSDT', 't': 5245487897, 'p': '115868.91000000', 'q': '0.00014000', 'T': 1758373622694, 'm': False, 'M': True}
[22:07:03] [INFO] {'e': 'trade', 'E': 1758373623941, 's': 'BTCUSDT', 't': 5245487905, 'p': '115868.90000000', 'q': '0.00536000', 'T': 1758373623940, 'm': True, 'M': True}
[22:07:03] [INFO] {'e': 'trade', 'E': 1758373623980, 's': 'BTCUSDT', 't': 5245487906, 'p': '115868.90000000', 'q': '0.00106000', 'T': 1758373623979, 'm': True, 'M': True}
[22:07:04] [INFO] {'e': 'trade', 'E': 1758373624605, 's': 'BTCUSDT', 't': 5245487909, 'p': '115868.90000000', 'q': '0.00034000', 'T': 1758373624604, 'm': True, 'M': True}
[22:07:04] [INFO] {'e': 'trade', 'E': 1758373624788, 's': 'BTCUSDT', 't': 5245487910, 'p': '115868.90000000', 'q': '0.00025000', 'T': 1758373624788, 'm': True, 'M': True}
[22:07:04] [INFO] {'e': 'trade', 'E': 1758373624869, 's': 'BTCUSDT', 't': 5245487911, 'p': '115868.91000000', 'q': '0.00025000', 'T': 1758373624869, 'm': False, 'M': True}
[22:07:07] [INFO] {'e': 'trade', 'E': 1758373627462, 's': 'BTCUSDT', 't': 5245487916, 'p': '115868.90000000', 'q': '0.00458000', 'T': 1758373627462, 'm': True, 'M': True}
[22:07:07] [INFO] {'e': 'trade', 'E': 1758373627785, 's': 'BTCUSDT', 't': 5245487917, 'p': '115868.90000000', 'q': '0.00029000', 'T': 1758373627785, 'm': True, 'M': True}
[22:07:09] [INFO] {'e': 'trade', 'E': 1758373629026, 's': 'BTCUSDT', 't': 5245487921, 'p': '115868.90000000', 'q': '0.00051000', 'T': 1758373629026, 'm': True, 'M': True}
[22:07:11] [INFO] {'e': 'trade', 'E': 1758373631194, 's': 'BTCUSDT', 't': 5245487923, 'p': '115868.91000000', 'q': '0.00058000', 'T': 1758373631194, 'm': False, 'M': True}
[22:07:12] [INFO] {'e': 'trade', 'E': 1758373632794, 's': 'BTCUSDT', 't': 5245487929, 'p': '115868.91000000', 'q': '0.00044000', 'T': 1758373632793, 'm': False, 'M': True}
[22:07:14] [INFO] {'e': 'trade', 'E': 1758373633923, 's': 'BTCUSDT', 't': 5245487932, 'p': '115868.90000000', 'q': '0.00475000', 'T': 1758373633923, 'm': True, 'M': True}
[22:07:14] [INFO] {'e': 'trade', 'E': 1758373633947, 's': 'BTCUSDT', 't': 5245487933, 'p': '115868.90000000', 'q': '0.00621000', 'T': 1758373633947, 'm': True, 'M': True}
[22:07:15] [INFO] {'e': 'trade', 'E': 1758373635646, 's': 'BTCUSDT', 't': 5245487937, 'p': '115868.91000000', 'q': '0.05523000', 'T': 1758373635645, 'm': False, 'M': True}
[22:07:16] [INFO] {'e': 'trade', 'E': 1758373635953, 's': 'BTCUSDT', 't': 5245487938, 'p': '115868.90000000', 'q': '0.00530000', 'T': 1758373635952, 'm': True, 'M': True}
[22:07:18] [INFO] {'e': 'trade', 'E': 1758373638076, 's': 'BTCUSDT', 't': 5245487945, 'p': '115868.91000000', 'q': '0.00100000', 'T': 1758373638076, 'm': False, 'M': True}
[22:07:19] [INFO] {'e': 'trade', 'E': 1758373639112, 's': 'BTCUSDT', 't': 5245487948, 'p': '115868.91000000', 'q': '0.00057000', 'T': 1758373639112, 'm': False, 'M': True}
[22:07:22] [INFO] {'e': 'trade', 'E': 1758373641633, 's': 'BTCUSDT', 't': 5245487954, 'p': '115868.91000000', 'q': '0.00083000', 'T': 1758373641632, 'm': False, 'M': True}
[22:07:23] [INFO] {'e': 'trade', 'E': 1758373643394, 's': 'BTCUSDT', 't': 5245487964, 'p': '115868.90000000', 'q': '0.00029000', 'T': 1758373643394, 'm': True, 'M': True}
[22:07:24] [INFO] {'e': 'trade', 'E': 1758373644221, 's': 'BTCUSDT', 't': 5245487970, 'p': '115868.91000000', 'q': '0.00200000', 'T': 1758373644221, 'm': False, 'M': True}
[22:07:24] [INFO] {'e': 'trade', 'E': 1758373644531, 's': 'BTCUSDT', 't': 5245487971, 'p': '115868.91000000', 'q': '0.00200000', 'T': 1758373644531, 'm': False, 'M': True}
[22:07:28] [INFO] {'e': 'trade', 'E': 1758373648953, 's': 'BTCUSDT', 't': 5245487979, 'p': '115868.90000000', 'q': '0.00020000', 'T': 1758373648953, 'm': True, 'M': True}
[22:07:30] [INFO] {'e': 'trade', 'E': 1758373650265, 's': 'BTCUSDT', 't': 5245487982, 'p': '115868.90000000', 'q': '0.00010000', 'T': 1758373650265, 'm': True, 'M': True}
[22:07:30] [INFO] {'e': 'trade', 'E': 1758373650654, 's': 'BTCUSDT', 't': 5245487983, 'p': '115868.91000000', 'q': '0.07553000', 'T': 1758373650654, 'm': False, 'M': True}
[22:07:30] [INFO] {'e': 'trade', 'E': 1758373650662, 's': 'BTCUSDT', 't': 5245487984, 'p': '115868.90000000', 'q': '0.00416000', 'T': 1758373650662, 'm': True, 'M': True}
[22:07:31] [INFO] {'e': 'trade', 'E': 1758373651209, 's': 'BTCUSDT', 't': 5245487987, 'p': '115868.91000000', 'q': '0.00020000', 'T': 1758373651209, 'm': False, 'M': True}
[22:07:33] [INFO] {'e': 'trade', 'E': 1758373653568, 's': 'BTCUSDT', 't': 5245487991, 'p': '115868.91000000', 'q': '0.00050000', 'T': 1758373653567, 'm': False, 'M': True}
[22:07:34] [INFO] {'e': 'trade', 'E': 1758373654638, 's': 'BTCUSDT', 't': 5245487996, 'p': '115868.91000000', 'q': '0.00007000', 'T': 1758373654638, 'm': False, 'M': True}
[22:07:35] [INFO] {'e': 'trade', 'E': 1758373655606, 's': 'BTCUSDT', 't': 5245487999, 'p': '115868.91000000', 'q': '0.00200000', 'T': 1758373655606, 'm': False, 'M': True}
[22:07:36] [INFO] {'e': 'trade', 'E': 1758373656033, 's': 'BTCUSDT', 't': 5245488002, 'p': '115868.91000000', 'q': '0.00200000', 'T': 1758373656033, 'm': False, 'M': True}
[22:07:36] [INFO] {'e': 'trade', 'E': 1758373656263, 's': 'BTCUSDT', 't': 5245488004, 'p': '115868.91000000', 'q': '0.00200000', 'T': 1758373656263, 'm': False, 'M': True}
[22:07:37] [INFO] {'e': 'trade', 'E': 1758373657979, 's': 'BTCUSDT', 't': 5245488010, 'p': '115868.90000000', 'q': '0.00520000', 'T': 1758373657979, 'm': True, 'M': True}
[22:07:37] [INFO] {'e': 'trade', 'E': 1758373657990, 's': 'BTCUSDT', 't': 5245488011, 'p': '115868.90000000', 'q': '0.00027000', 'T': 1758373657990, 'm': True, 'M': True}
[22:07:38] [INFO] {'e': 'trade', 'E': 1758373658591, 's': 'BTCUSDT', 't': 5245488012, 'p': '115868.90000000', 'q': '0.00027000', 'T': 1758373658590, 'm': True, 'M': True}
[22:07:38] [INFO] {'e': 'trade', 'E': 1758373658627, 's': 'BTCUSDT', 't': 5245488013, 'p': '115868.90000000', 'q': '0.01000000', 'T': 1758373658626, 'm': True, 'M': True}
[22:07:39] [INFO] {'e': 'trade', 'E': 1758373659853, 's': 'BTCUSDT', 't': 5245488017, 'p': '115868.90000000', 'q': '0.00008000', 'T': 1758373659853, 'm': True, 'M': True}
[22:07:42] [INFO] {'e': 'trade', 'E': 1758373662758, 's': 'BTCUSDT', 't': 5245488029, 'p': '115868.90000000', 'q': '0.00006000', 'T': 1758373662757, 'm': True, 'M': True}
[22:07:44] [INFO] {'e': 'trade', 'E': 1758373664261, 's': 'BTCUSDT', 't': 5245488032, 'p': '115868.91000000', 'q': '0.01599000', 'T': 1758373664261, 'm': False, 'M': True}
[22:07:45] [INFO] {'e': 'trade', 'E': 1758373665444, 's': 'BTCUSDT', 't': 5245488038, 'p': '115868.90000000', 'q': '0.00070000', 'T': 1758373665443, 'm': True, 'M': True}
[22:07:46] [INFO] {'e': 'trade', 'E': 1758373665980, 's': 'BTCUSDT', 't': 5245488039, 'p': '115868.90000000', 'q': '0.00542000', 'T': 1758373665980, 'm': True, 'M': True}
[22:07:46] [INFO] {'e': 'trade', 'E': 1758373666639, 's': 'BTCUSDT', 't': 5245488043, 'p': '115868.90000000', 'q': '0.00259000', 'T': 1758373666639, 'm': True, 'M': True}
[22:07:46] [INFO] {'e': 'trade', 'E': 1758373666886, 's': 'BTCUSDT', 't': 5245488044, 'p': '115868.90000000', 'q': '0.00011000', 'T': 1758373666885, 'm': True, 'M': True}
[22:07:47] [INFO] {'e': 'trade', 'E': 1758373667595, 's': 'BTCUSDT', 't': 5245488049, 'p': '115868.91000000', 'q': '0.00026000', 'T': 1758373667595, 'm': False, 'M': True}
[22:07:47] [INFO] {'e': 'trade', 'E': 1758373667615, 's': 'BTCUSDT', 't': 5245488050, 'p': '115868.90000000', 'q': '0.00084000', 'T': 1758373667615, 'm': True, 'M': True}
[22:07:47] [INFO] {'e': 'trade', 'E': 1758373667620, 's': 'BTCUSDT', 't': 5245488051, 'p': '115868.91000000', 'q': '0.00200000', 'T': 1758373667620, 'm': False, 'M': True}
[22:07:48] [INFO] {'e': 'trade', 'E': 1758373668182, 's': 'BTCUSDT', 't': 5245488053, 'p': '115868.90000000', 'q': '0.00010000', 'T': 1758373668181, 'm': True, 'M': True}
[22:07:49] [INFO] {'e': 'trade', 'E': 1758373669042, 's': 'BTCUSDT', 't': 5245488057, 'p': '115868.90000000', 'q': '0.00029000', 'T': 1758373669042, 'm': True, 'M': True}
[22:07:51] [INFO] {'e': 'trade', 'E': 1758373671682, 's': 'BTCUSDT', 't': 5245488063, 'p': '115868.91000000', 'q': '0.00691000', 'T': 1758373671682, 'm': False, 'M': True}
[22:07:52] [INFO] {'e': 'trade', 'E': 1758373671983, 's': 'BTCUSDT', 't': 5245488064, 'p': '115868.90000000', 'q': '0.00549000', 'T': 1758373671983, 'm': True, 'M': True}
[22:07:52] [INFO] {'e': 'trade', 'E': 1758373672609, 's': 'BTCUSDT', 't': 5245488066, 'p': '115868.90000000', 'q': '0.00006000', 'T': 1758373672608, 'm': True, 'M': True}
[22:07:55] [INFO] {'e': 'trade', 'E': 1758373675435, 's': 'BTCUSDT', 't': 5245488071, 'p': '115868.90000000', 'q': '0.00509000', 'T': 1758373675434, 'm': True, 'M': True}
[22:07:56] [INFO] {'e': 'trade', 'E': 1758373676593, 's': 'BTCUSDT', 't': 5245488075, 'p': '115868.90000000', 'q': '0.00025000', 'T': 1758373676593, 'm': True, 'M': True}
[22:07:58] [INFO] {'e': 'trade', 'E': 1758373677986, 's': 'BTCUSDT', 't': 5245488078, 'p': '115868.90000000', 'q': '0.00530000', 'T': 1758373677986, 'm': True, 'M': True}
[22:07:58] [INFO] {'e': 'trade', 'E': 1758373678501, 's': 'BTCUSDT', 't': 5245488079, 'p': '115868.91000000', 'q': '0.00200000', 'T': 1758373678501, 'm': False, 'M': True}
[22:07:58] [INFO] {'e': 'trade', 'E': 1758373678871, 's': 'BTCUSDT', 't': 5245488082, 'p': '115868.91000000', 'q': '0.00200000', 'T': 1758373678871, 'm': False, 'M': True}
[22:08:01] [INFO] {'e': 'trade', 'E': 1758373681989, 's': 'BTCUSDT', 't': 5245488088, 'p': '115868.90000000', 'q': '0.00562000', 'T': 1758373681989, 'm': True, 'M': True}
[22:08:02] [INFO] {'e': 'trade', 'E': 1758373682803, 's': 'BTCUSDT', 't': 5245488090, 'p': '115868.91000000', 'q': '0.00016000', 'T': 1758373682803, 'm': False, 'M': True}
[22:08:03] [INFO] {'e': 'trade', 'E': 1758373683697, 's': 'BTCUSDT', 't': 5245488091, 'p': '115868.91000000', 'q': '0.00044000', 'T': 1758373683697, 'm': False, 'M': True}
[22:08:03] [INFO] {'e': 'trade', 'E': 1758373683812, 's': 'BTCUSDT', 't': 5245488092, 'p': '115868.90000000', 'q': '0.01040000', 'T': 1758373683811, 'm': True, 'M': True}
[22:08:05] [INFO] {'e': 'trade', 'E': 1758373685840, 's': 'BTCUSDT', 't': 5245488098, 'p': '115868.90000000', 'q': '0.00034000', 'T': 1758373685840, 'm': True, 'M': True}
[22:08:05] [INFO] {'e': 'trade', 'E': 1758373685875, 's': 'BTCUSDT', 't': 5245488099, 'p': '115868.91000000', 'q': '0.00029000', 'T': 1758373685875, 'm': False, 'M': True}
[22:08:07] [INFO] {'e': 'trade', 'E': 1758373687416, 's': 'BTCUSDT', 't': 5245488104, 'p': '115868.91000000', 'q': '0.00129000', 'T': 1758373687415, 'm': False, 'M': True}
[22:08:08] [INFO] {'e': 'trade', 'E': 1758373688190, 's': 'BTCUSDT', 't': 5245488107, 'p': '115868.90000000', 'q': '0.00017000', 'T': 1758373688189, 'm': True, 'M': True}
[22:08:09] [INFO] {'e': 'trade', 'E': 1758373689705, 's': 'BTCUSDT', 't': 5245488110, 'p': '115868.90000000', 'q': '0.00107000', 'T': 1758373689704, 'm': True, 'M': True}
[22:08:10] [INFO] {'e': 'trade', 'E': 1758373690109, 's': 'BTCUSDT', 't': 5245488112, 'p': '115868.91000000', 'q': '0.00259000', 'T': 1758373690109, 'm': False, 'M': True}
[22:08:10] [INFO] {'e': 'trade', 'E': 1758373690165, 's': 'BTCUSDT', 't': 5245488113, 'p': '115868.90000000', 'q': '0.03074000', 'T': 1758373690160, 'm': True, 'M': True}
[22:08:10] [INFO] {'e': 'trade', 'E': 1758373690165, 's': 'BTCUSDT', 't': 5245488114, 'p': '115868.90000000', 'q': '0.03107000', 'T': 1758373690160, 'm': True, 'M': True}
[22:08:10] [INFO] {'e': 'trade', 'E': 1758373690171, 's': 'BTCUSDT', 't': 5245488115, 'p': '115868.90000000', 'q': '0.00427000', 'T': 1758373690165, 'm': True, 'M': True}
[22:08:10] [INFO] {'e': 'trade', 'E': 1758373690171, 's': 'BTCUSDT', 't': 5245488116, 'p': '115868.90000000', 'q': '0.00070000', 'T': 1758373690165, 'm': True, 'M': True}
[22:08:10] [INFO] {'e': 'trade', 'E': 1758373690171, 's': 'BTCUSDT', 't': 5245488117, 'p': '115868.90000000', 'q': '0.00070000', 'T': 1758373690165, 'm': True, 'M': True}
[22:08:10] [INFO] {'e': 'trade', 'E': 1758373690171, 's': 'BTCUSDT', 't': 5245488118, 'p': '115868.90000000', 'q': '0.00070000', 'T': 1758373690165, 'm': True, 'M': True}
[22:08:10] [INFO] {'e': 'trade', 'E': 1758373690171, 's': 'BTCUSDT', 't': 5245488119, 'p': '115868.90000000', 'q': '0.00020000', 'T': 1758373690165, 'm': True, 'M': True}
[22:08:10] [INFO] {'e': 'trade', 'E': 1758373690171, 's': 'BTCUSDT', 't': 5245488120, 'p': '115868.90000000', 'q': '0.00264000', 'T': 1758373690165, 'm': True, 'M': True}
[22:08:10] [INFO] {'e': 'trade', 'E': 1758373690171, 's': 'BTCUSDT', 't': 5245488121, 'p': '115868.90000000', 'q': '0.00144000', 'T': 1758373690165, 'm': True, 'M': True}
[22:08:10] [INFO] {'e': 'trade', 'E': 1758373690171, 's': 'BTCUSDT', 't': 5245488122, 'p': '115868.90000000', 'q': '0.00035000', 'T': 1758373690165, 'm': True, 'M': True}
[22:08:10] [INFO] {'e': 'trade', 'E': 1758373690173, 's': 'BTCUSDT', 't': 5245488123, 'p': '115868.90000000', 'q': '0.00263000', 'T': 1758373690167, 'm': True, 'M': True}
[22:08:10] [INFO] {'e': 'trade', 'E': 1758373690173, 's': 'BTCUSDT', 't': 5245488124, 'p': '115868.90000000', 'q': '0.02488000', 'T': 1758373690167, 'm': True, 'M': True}
[22:08:10] [INFO] {'e': 'trade', 'E': 1758373690173, 's': 'BTCUSDT', 't': 5245488125, 'p': '115868.90000000', 'q': '0.00249000', 'T': 1758373690167, 'm': True, 'M': True}
[22:08:10] [INFO] {'e': 'trade', 'E': 1758373690173, 's': 'BTCUSDT', 't': 5245488126, 'p': '115868.90000000', 'q': '0.00430000', 'T': 1758373690168, 'm': True, 'M': True}
[22:08:10] [INFO] {'e': 'trade', 'E': 1758373690175, 's': 'BTCUSDT', 't': 5245488127, 'p': '115868.91000000', 'q': '0.00200000', 'T': 1758373690170, 'm': False, 'M': True}
[22:08:10] [INFO] {'e': 'trade', 'E': 1758373690179, 's': 'BTCUSDT', 't': 5245488128, 'p': '115868.90000000', 'q': '0.00010000', 'T': 1758373690175, 'm': True, 'M': True}
[22:08:10] [INFO] {'e': 'trade', 'E': 1758373690179, 's': 'BTCUSDT', 't': 5245488129, 'p': '115868.90000000', 'q': '0.00005000', 'T': 1758373690175, 'm': True, 'M': True}
[22:08:10] [INFO] {'e': 'trade', 'E': 1758373690179, 's': 'BTCUSDT', 't': 5245488130, 'p': '115868.90000000', 'q': '0.00005000', 'T': 1758373690175, 'm': True, 'M': True}
[22:08:10] [INFO] {'e': 'trade', 'E': 1758373690179, 's': 'BTCUSDT', 't': 5245488131, 'p': '115868.90000000', 'q': '0.00260000', 'T': 1758373690175, 'm': True, 'M': True}
[22:08:10] [INFO] {'e': 'trade', 'E': 1758373690179, 's': 'BTCUSDT', 't': 5245488132, 'p': '115868.90000000', 'q': '0.00075000', 'T': 1758373690175, 'm': True, 'M': True}
[22:08:10] [INFO] {'e': 'trade', 'E': 1758373690179, 's': 'BTCUSDT', 't': 5245488133, 'p': '115868.90000000', 'q': '0.00076000', 'T': 1758373690175, 'm': True, 'M': True}
[22:08:10] [INFO] {'e': 'trade', 'E': 1758373690179, 's': 'BTCUSDT', 't': 5245488134, 'p': '115868.90000000', 'q': '0.00005000', 'T': 1758373690175, 'm': True, 'M': True}
[22:08:10] [INFO] {'e': 'trade', 'E': 1758373690179, 's': 'BTCUSDT', 't': 5245488135, 'p': '115868.90000000', 'q': '0.00005000', 'T': 1758373690175, 'm': True, 'M': True}
[22:08:10] [INFO] {'e': 'trade', 'E': 1758373690179, 's': 'BTCUSDT', 't': 5245488136, 'p': '115868.90000000', 'q': '0.00005000', 'T': 1758373690175, 'm': True, 'M': True}
[22:08:10] [INFO] {'e': 'trade', 'E': 1758373690179, 's': 'BTCUSDT', 't': 5245488137, 'p': '115868.90000000', 'q': '0.00005000', 'T': 1758373690175, 'm': True, 'M': True}
[22:08:10] [INFO] {'e': 'trade', 'E': 1758373690179, 's': 'BTCUSDT', 't': 5245488138, 'p': '115868.90000000', 'q': '0.00005000', 'T': 1758373690175, 'm': True, 'M': True}
[22:08:10] [INFO] {'e': 'trade', 'E': 1758373690179, 's': 'BTCUSDT', 't': 5245488139, 'p': '115868.90000000', 'q': '0.00005000', 'T': 1758373690175, 'm': True, 'M': True}
[22:08:10] [INFO] {'e': 'trade', 'E': 1758373690179, 's': 'BTCUSDT', 't': 5245488140, 'p': '115868.90000000', 'q': '0.00010000', 'T': 1758373690175, 'm': True, 'M': True}
[22:08:10] [INFO] {'e': 'trade', 'E': 1758373690179, 's': 'BTCUSDT', 't': 5245488141, 'p': '115868.90000000', 'q': '0.00005000', 'T': 1758373690175, 'm': True, 'M': True}
[22:08:10] [INFO] {'e': 'trade', 'E': 1758373690179, 's': 'BTCUSDT', 't': 5245488142, 'p': '115868.90000000', 'q': '0.00005000', 'T': 1758373690175, 'm': True, 'M': True}
[22:08:10] [INFO] {'e': 'trade', 'E': 1758373690179, 's': 'BTCUSDT', 't': 5245488143, 'p': '115868.90000000', 'q': '0.01294000', 'T': 1758373690175, 'm': True, 'M': True}
[22:08:10] [INFO] {'e': 'trade', 'E': 1758373690179, 's': 'BTCUSDT', 't': 5245488144, 'p': '115868.90000000', 'q': '0.00042000', 'T': 1758373690175, 'm': True, 'M': True}
[22:08:10] [INFO] {'e': 'trade', 'E': 1758373690179, 's': 'BTCUSDT', 't': 5245488145, 'p': '115868.90000000', 'q': '0.00005000', 'T': 1758373690175, 'm': True, 'M': True}
[22:08:10] [INFO] {'e': 'trade', 'E': 1758373690179, 's': 'BTCUSDT', 't': 5245488146, 'p': '115868.90000000', 'q': '0.00998000', 'T': 1758373690175, 'm': True, 'M': True}
[22:08:10] [INFO] {'e': 'trade', 'E': 1758373690179, 's': 'BTCUSDT', 't': 5245488147, 'p': '115868.90000000', 'q': '0.00073000', 'T': 1758373690175, 'm': True, 'M': True}
[22:08:10] [INFO] {'e': 'trade', 'E': 1758373690179, 's': 'BTCUSDT', 't': 5245488148, 'p': '115868.90000000', 'q': '0.00327000', 'T': 1758373690175, 'm': True, 'M': True}
[22:08:10] [INFO] {'e': 'trade', 'E': 1758373690179, 's': 'BTCUSDT', 't': 5245488149, 'p': '115868.90000000', 'q': '0.00005000', 'T': 1758373690175, 'm': True, 'M': True}
[22:08:10] [INFO] {'e': 'trade', 'E': 1758373690179, 's': 'BTCUSDT', 't': 5245488150, 'p': '115868.90000000', 'q': '0.02590000', 'T': 1758373690175, 'm': True, 'M': True}
[22:08:10] [INFO] {'e': 'trade', 'E': 1758373690179, 's': 'BTCUSDT', 't': 5245488151, 'p': '115868.90000000', 'q': '0.00005000', 'T': 1758373690175, 'm': True, 'M': True}
[22:08:10] [INFO] {'e': 'trade', 'E': 1758373690179, 's': 'BTCUSDT', 't': 5245488152, 'p': '115868.90000000', 'q': '0.00008000', 'T': 1758373690175, 'm': True, 'M': True}
[22:08:10] [INFO] {'e': 'trade', 'E': 1758373690179, 's': 'BTCUSDT', 't': 5245488153, 'p': '115868.90000000', 'q': '0.00050000', 'T': 1758373690175, 'm': True, 'M': True}
[22:08:10] [INFO] {'e': 'trade', 'E': 1758373690179, 's': 'BTCUSDT', 't': 5245488154, 'p': '115868.90000000', 'q': '0.00023000', 'T': 1758373690175, 'm': True, 'M': True}
[22:08:10] [INFO] {'e': 'trade', 'E': 1758373690179, 's': 'BTCUSDT', 't': 5245488155, 'p': '115868.90000000', 'q': '0.00904000', 'T': 1758373690175, 'm': True, 'M': True}
[22:08:10] [INFO] {'e': 'trade', 'E': 1758373690179, 's': 'BTCUSDT', 't': 5245488156, 'p': '115868.90000000', 'q': '0.24531000', 'T': 1758373690175, 'm': True, 'M': True}
[22:08:10] [INFO] {'e': 'trade', 'E': 1758373690179, 's': 'BTCUSDT', 't': 5245488157, 'p': '115868.90000000', 'q': '0.00005000', 'T': 1758373690175, 'm': True, 'M': True}
[22:08:10] [INFO] {'e': 'trade', 'E': 1758373690179, 's': 'BTCUSDT', 't': 5245488158, 'p': '115868.90000000', 'q': '0.00019000', 'T': 1758373690175, 'm': True, 'M': True}
[22:08:10] [INFO] {'e': 'trade', 'E': 1758373690179, 's': 'BTCUSDT', 't': 5245488159, 'p': '115868.90000000', 'q': '0.00005000', 'T': 1758373690175, 'm': True, 'M': True}
[22:08:10] [INFO] {'e': 'trade', 'E': 1758373690179, 's': 'BTCUSDT', 't': 5245488160, 'p': '115868.90000000', 'q': '0.00005000', 'T': 1758373690175, 'm': True, 'M': True}
[22:08:10] [INFO] {'e': 'trade', 'E': 1758373690179, 's': 'BTCUSDT', 't': 5245488161, 'p': '115868.90000000', 'q': '0.00086000', 'T': 1758373690175, 'm': True, 'M': True}
[22:08:10] [INFO] {'e': 'trade', 'E': 1758373690179, 's': 'BTCUSDT', 't': 5245488162, 'p': '115868.90000000', 'q': '0.00005000', 'T': 1758373690175, 'm': True, 'M': True}
[22:08:10] [INFO] {'e': 'trade', 'E': 1758373690179, 's': 'BTCUSDT', 't': 5245488163, 'p': '115868.90000000', 'q': '0.00005000', 'T': 1758373690175, 'm': True, 'M': True}
[22:08:10] [INFO] {'e': 'trade', 'E': 1758373690179, 's': 'BTCUSDT', 't': 5245488164, 'p': '115868.90000000', 'q': '0.00005000', 'T': 1758373690175, 'm': True, 'M': True}
[22:08:10] [INFO] {'e': 'trade', 'E': 1758373690179, 's': 'BTCUSDT', 't': 5245488165, 'p': '115868.90000000', 'q': '0.00015000', 'T': 1758373690175, 'm': True, 'M': True}
[22:08:10] [INFO] {'e': 'trade', 'E': 1758373690179, 's': 'BTCUSDT', 't': 5245488166, 'p': '115868.90000000', 'q': '0.08301000', 'T': 1758373690175, 'm': True, 'M': True}
[22:08:10] [INFO] {'e': 'trade', 'E': 1758373690179, 's': 'BTCUSDT', 't': 5245488167, 'p': '115868.90000000', 'q': '0.00005000', 'T': 1758373690175, 'm': True, 'M': True}
[22:08:10] [INFO] {'e': 'trade', 'E': 1758373690179, 's': 'BTCUSDT', 't': 5245488168, 'p': '115868.90000000', 'q': '0.00118000', 'T': 1758373690175, 'm': True, 'M': True}
[22:08:10] [INFO] {'e': 'trade', 'E': 1758373690179, 's': 'BTCUSDT', 't': 5245488169, 'p': '115868.90000000', 'q': '0.00047000', 'T': 1758373690175, 'm': True, 'M': True}
[22:08:10] [INFO] {'e': 'trade', 'E': 1758373690179, 's': 'BTCUSDT', 't': 5245488170, 'p': '115868.90000000', 'q': '0.00057000', 'T': 1758373690175, 'm': True, 'M': True}
[22:08:10] [INFO] {'e': 'trade', 'E': 1758373690179, 's': 'BTCUSDT', 't': 5245488171, 'p': '115868.90000000', 'q': '0.00008000', 'T': 1758373690175, 'm': True, 'M': True}
[22:08:10] [INFO] {'e': 'trade', 'E': 1758373690179, 's': 'BTCUSDT', 't': 5245488172, 'p': '115868.90000000', 'q': '0.00070000', 'T': 1758373690175, 'm': True, 'M': True}
[22:08:10] [INFO] {'e': 'trade', 'E': 1758373690179, 's': 'BTCUSDT', 't': 5245488173, 'p': '115868.90000000', 'q': '0.00104000', 'T': 1758373690175, 'm': True, 'M': True}
[22:08:10] [INFO] {'e': 'trade', 'E': 1758373690179, 's': 'BTCUSDT', 't': 5245488174, 'p': '115868.90000000', 'q': '0.04773000', 'T': 1758373690175, 'm': True, 'M': True}
[22:08:10] [INFO] {'e': 'trade', 'E': 1758373690184, 's': 'BTCUSDT', 't': 5245488175, 'p': '115868.90000000', 'q': '0.02817000', 'T': 1758373690181, 'm': True, 'M': True}
[22:08:10] [INFO] {'e': 'trade', 'E': 1758373690184, 's': 'BTCUSDT', 't': 5245488176, 'p': '115868.90000000', 'q': '0.00213000', 'T': 1758373690181, 'm': True, 'M': True}
[22:08:10] [INFO] {'e': 'trade', 'E': 1758373690184, 's': 'BTCUSDT', 't': 5245488177, 'p': '115868.90000000', 'q': '0.00172000', 'T': 1758373690181, 'm': True, 'M': True}
[22:08:10] [INFO] {'e': 'trade', 'E': 1758373690184, 's': 'BTCUSDT', 't': 5245488178, 'p': '115868.90000000', 'q': '0.03458000', 'T': 1758373690181, 'm': True, 'M': True}
[22:08:10] [INFO] {'e': 'trade', 'E': 1758373690519, 's': 'BTCUSDT', 't': 5245488246, 'p': '115868.90000000', 'q': '0.05227000', 'T': 1758373690518, 'm': True, 'M': True}
[22:08:10] [INFO] {'e': 'trade', 'E': 1758373690519, 's': 'BTCUSDT', 't': 5245488247, 'p': '115868.90000000', 'q': '0.00005000', 'T': 1758373690518, 'm': True, 'M': True}
[22:08:10] [INFO] {'e': 'trade', 'E': 1758373690519, 's': 'BTCUSDT', 't': 5245488248, 'p': '115868.90000000', 'q': '0.00010000', 'T': 1758373690518, 'm': True, 'M': True}
[22:08:10] [INFO] {'e': 'trade', 'E': 1758373690519, 's': 'BTCUSDT', 't': 5245488249, 'p': '115868.90000000', 'q': '0.00005000', 'T': 1758373690518, 'm': True, 'M': True}
[22:08:10] [INFO] {'e': 'trade', 'E': 1758373690519, 's': 'BTCUSDT', 't': 5245488250, 'p': '115868.90000000', 'q': '0.00254000', 'T': 1758373690518, 'm': True, 'M': True}
[22:08:15] [INFO] {'e': 'trade', 'E': 1758373695780, 's': 'BTCUSDT', 't': 5245488359, 'p': '115868.89000000', 'q': '0.00091000', 'T': 1758373695780, 'm': True, 'M': True}
[22:08:16] [INFO] {'e': 'trade', 'E': 1758373696006, 's': 'BTCUSDT', 't': 5245488360, 'p': '115868.89000000', 'q': '0.00565000', 'T': 1758373696003, 'm': True, 'M': True}
[22:08:18] [INFO] {'e': 'trade', 'E': 1758373698004, 's': 'BTCUSDT', 't': 5245488363, 'p': '115868.89000000', 'q': '0.00506000', 'T': 1758373698003, 'm': True, 'M': True}
[22:08:19] [INFO] {'e': 'trade', 'E': 1758373699026, 's': 'BTCUSDT', 't': 5245488367, 'p': '115868.89000000', 'q': '0.00052000', 'T': 1758373699025, 'm': True, 'M': True}
[22:08:19] [INFO] {'e': 'trade', 'E': 1758373699241, 's': 'BTCUSDT', 't': 5245488373, 'p': '115868.90000000', 'q': '0.00009000', 'T': 1758373699241, 'm': False, 'M': True}
[22:08:21] [INFO] {'e': 'trade', 'E': 1758373701033, 's': 'BTCUSDT', 't': 5245488385, 'p': '115868.90000000', 'q': '0.00008000', 'T': 1758373701032, 'm': False, 'M': True}
[22:08:21] [INFO] {'e': 'trade', 'E': 1758373701096, 's': 'BTCUSDT', 't': 5245488386, 'p': '115868.90000000', 'q': '0.00087000', 'T': 1758373701096, 'm': False, 'M': True}
[22:08:22] [INFO] {'e': 'trade', 'E': 1758373702009, 's': 'BTCUSDT', 't': 5245488393, 'p': '115868.89000000', 'q': '0.00567000', 'T': 1758373702008, 'm': True, 'M': True}
[22:08:22] [INFO] {'e': 'trade', 'E': 1758373702635, 's': 'BTCUSDT', 't': 5245488395, 'p': '115868.89000000', 'q': '0.00716000', 'T': 1758373702635, 'm': True, 'M': True}
[22:08:22] [INFO] {'e': 'trade', 'E': 1758373702662, 's': 'BTCUSDT', 't': 5245488396, 'p': '115868.89000000', 'q': '0.00009000', 'T': 1758373702662, 'm': True, 'M': True}
[22:08:22] [INFO] {'e': 'trade', 'E': 1758373702669, 's': 'BTCUSDT', 't': 5245488397, 'p': '115868.89000000', 'q': '0.00340000', 'T': 1758373702668, 'm': True, 'M': True}
[22:08:23] [INFO] {'e': 'trade', 'E': 1758373703298, 's': 'BTCUSDT', 't': 5245488398, 'p': '115868.89000000', 'q': '0.00430000', 'T': 1758373703298, 'm': True, 'M': True}
[22:08:24] [INFO] {'e': 'trade', 'E': 1758373704190, 's': 'BTCUSDT', 't': 5245488402, 'p': '115868.89000000', 'q': '0.00043000', 'T': 1758373704189, 'm': True, 'M': True}
[22:08:25] [INFO] {'e': 'trade', 'E': 1758373705353, 's': 'BTCUSDT', 't': 5245488404, 'p': '115868.89000000', 'q': '0.00129000', 'T': 1758373705352, 'm': True, 'M': True}
[22:08:25] [INFO] {'e': 'trade', 'E': 1758373705374, 's': 'BTCUSDT', 't': 5245488405, 'p': '115868.89000000', 'q': '0.00008000', 'T': 1758373705373, 'm': True, 'M': True}
[22:08:26] [INFO] {'e': 'trade', 'E': 1758373706633, 's': 'BTCUSDT', 't': 5245488410, 'p': '115868.90000000', 'q': '0.00018000', 'T': 1758373706633, 'm': False, 'M': True}
[22:08:26] [INFO] {'e': 'trade', 'E': 1758373706639, 's': 'BTCUSDT', 't': 5245488411, 'p': '115868.90000000', 'q': '0.00007000', 'T': 1758373706639, 'm': False, 'M': True}
[22:08:27] [INFO] {'e': 'trade', 'E': 1758373707642, 's': 'BTCUSDT', 't': 5245488414, 'p': '115868.89000000', 'q': '0.00021000', 'T': 1758373707641, 'm': True, 'M': True}
[22:08:29] [INFO] {'e': 'trade', 'E': 1758373710014, 's': 'BTCUSDT', 't': 5245488417, 'p': '115868.89000000', 'q': '0.00547000', 'T': 1758373710013, 'm': True, 'M': True}
[22:08:29] [INFO] {'e': 'trade', 'E': 1758373710062, 's': 'BTCUSDT', 't': 5245488418, 'p': '115868.90000000', 'q': '0.00052000', 'T': 1758373710061, 'm': False, 'M': True}
[22:08:32] [INFO] {'e': 'trade', 'E': 1758373712015, 's': 'BTCUSDT', 't': 5245488423, 'p': '115868.89000000', 'q': '0.00558000', 'T': 1758373712015, 'm': True, 'M': True}
[22:08:32] [INFO] {'e': 'trade', 'E': 1758373712023, 's': 'BTCUSDT', 't': 5245488424, 'p': '115868.89000000', 'q': '0.00185000', 'T': 1758373712022, 'm': True, 'M': True}
[22:08:33] [INFO] {'e': 'trade', 'E': 1758373712974, 's': 'BTCUSDT', 't': 5245488429, 'p': '115868.90000000', 'q': '0.00200000', 'T': 1758373712974, 'm': False, 'M': True}
[22:08:33] [INFO] {'e': 'trade', 'E': 1758373713412, 's': 'BTCUSDT', 't': 5245488431, 'p': '115868.89000000', 'q': '0.00006000', 'T': 1758373713412, 'm': True, 'M': True}
[22:08:35] [INFO] {'e': 'trade', 'E': 1758373715641, 's': 'BTCUSDT', 't': 5245488435, 'p': '115868.89000000', 'q': '0.00094000', 'T': 1758373715641, 'm': True, 'M': True}
[22:08:36] [INFO] {'e': 'trade', 'E': 1758373716182, 's': 'BTCUSDT', 't': 5245488437, 'p': '115868.89000000', 'q': '0.00005000', 'T': 1758373716182, 'm': True, 'M': True}
[22:08:36] [INFO] {'e': 'trade', 'E': 1758373716488, 's': 'BTCUSDT', 't': 5245488438, 'p': '115868.90000000', 'q': '0.00733000', 'T': 1758373716488, 'm': False, 'M': True}
[22:08:38] [INFO] {'e': 'trade', 'E': 1758373718021, 's': 'BTCUSDT', 't': 5245488441, 'p': '115868.89000000', 'q': '0.00582000', 'T': 1758373718021, 'm': True, 'M': True}
[22:08:38] [INFO] {'e': 'trade', 'E': 1758373718276, 's': 'BTCUSDT', 't': 5245488442, 'p': '115868.90000000', 'q': '0.00174000', 'T': 1758373718276, 'm': False, 'M': True}
[22:08:38] [INFO] {'e': 'trade', 'E': 1758373718594, 's': 'BTCUSDT', 't': 5245488443, 'p': '115868.89000000', 'q': '0.00218000', 'T': 1758373718594, 'm': True, 'M': True}
[22:08:38] [INFO] {'e': 'trade', 'E': 1758373718922, 's': 'BTCUSDT', 't': 5245488444, 'p': '115868.89000000', 'q': '0.00072000', 'T': 1758373718922, 'm': True, 'M': True}
[22:08:39] [INFO] {'e': 'trade', 'E': 1758373719773, 's': 'BTCUSDT', 't': 5245488448, 'p': '115868.90000000', 'q': '0.00053000', 'T': 1758373719773, 'm': False, 'M': True}
[22:08:41] [INFO] {'e': 'trade', 'E': 1758373722022, 's': 'BTCUSDT', 't': 5245488454, 'p': '115868.89000000', 'q': '0.00591000', 'T': 1758373722022, 'm': True, 'M': True}
[22:08:44] [INFO] {'e': 'trade', 'E': 1758373724059, 's': 'BTCUSDT', 't': 5245488457, 'p': '115868.89000000', 'q': '0.00571000', 'T': 1758373724059, 'm': True, 'M': True}
[22:08:45] [INFO] {'e': 'trade', 'E': 1758373724997, 's': 'BTCUSDT', 't': 5245488464, 'p': '115868.89000000', 'q': '0.00040000', 'T': 1758373724996, 'm': True, 'M': True}
[22:08:46] [INFO] {'e': 'trade', 'E': 1758373726512, 's': 'BTCUSDT', 't': 5245488468, 'p': '115868.89000000', 'q': '0.00009000', 'T': 1758373726512, 'm': True, 'M': True}
[22:08:46] [INFO] {'e': 'trade', 'E': 1758373726536, 's': 'BTCUSDT', 't': 5245488469, 'p': '115868.89000000', 'q': '0.00100000', 'T': 1758373726535, 'm': True, 'M': True}
[22:08:48] [INFO] {'e': 'trade', 'E': 1758373728023, 's': 'BTCUSDT', 't': 5245488474, 'p': '115868.89000000', 'q': '0.00061000', 'T': 1758373728022, 'm': True, 'M': True}
[22:08:48] [INFO] {'e': 'trade', 'E': 1758373728024, 's': 'BTCUSDT', 't': 5245488475, 'p': '115868.89000000', 'q': '0.00561000', 'T': 1758373728024, 'm': True, 'M': True}
[22:08:50] [INFO] {'e': 'trade', 'E': 1758373730473, 's': 'BTCUSDT', 't': 5245488482, 'p': '115868.89000000', 'q': '0.00050000', 'T': 1758373730473, 'm': True, 'M': True}
[22:08:51] [INFO] {'e': 'trade', 'E': 1758373731483, 's': 'BTCUSDT', 't': 5245488484, 'p': '115868.89000000', 'q': '0.00178000', 'T': 1758373731482, 'm': True, 'M': True}
[22:08:52] [INFO] {'e': 'trade', 'E': 1758373732028, 's': 'BTCUSDT', 't': 5245488486, 'p': '115868.89000000', 'q': '0.00545000', 'T': 1758373732028, 'm': True, 'M': True}
[22:08:52] [INFO] {'e': 'trade', 'E': 1758373732641, 's': 'BTCUSDT', 't': 5245488492, 'p': '115868.89000000', 'q': '0.00012000', 'T': 1758373732640, 'm': True, 'M': True}
[22:08:53] [INFO] {'e': 'trade', 'E': 1758373733827, 's': 'BTCUSDT', 't': 5245488495, 'p': '115868.89000000', 'q': '0.00010000', 'T': 1758373733827, 'm': True, 'M': True}
[22:08:55] [INFO] {'e': 'trade', 'E': 1758373735460, 's': 'BTCUSDT', 't': 5245488499, 'p': '115868.90000000', 'q': '0.00200000', 'T': 1758373735460, 'm': False, 'M': True}
[22:08:56] [INFO] {'e': 'trade', 'E': 1758373735808, 's': 'BTCUSDT', 't': 5245488502, 'p': '115868.89000000', 'q': '0.00013000', 'T': 1758373735808, 'm': True, 'M': True}
[22:08:56] [INFO] {'e': 'trade', 'E': 1758373735868, 's': 'BTCUSDT', 't': 5245488503, 'p': '115868.89000000', 'q': '0.00041000', 'T': 1758373735868, 'm': True, 'M': True}
[22:08:57] [INFO] {'e': 'trade', 'E': 1758373737103, 's': 'BTCUSDT', 't': 5245488507, 'p': '115868.89000000', 'q': '0.00020000', 'T': 1758373737102, 'm': True, 'M': True}
[22:08:57] [INFO] {'e': 'trade', 'E': 1758373737103, 's': 'BTCUSDT', 't': 5245488508, 'p': '115868.89000000', 'q': '0.00060000', 'T': 1758373737102, 'm': True, 'M': True}
[22:08:57] [INFO] {'e': 'trade', 'E': 1758373737634, 's': 'BTCUSDT', 't': 5245488509, 'p': '115868.89000000', 'q': '0.04822000', 'T': 1758373737633, 'm': True, 'M': True}
[22:08:58] [INFO] {'e': 'trade', 'E': 1758373738208, 's': 'BTCUSDT', 't': 5245488512, 'p': '115868.90000000', 'q': '0.00006000', 'T': 1758373738208, 'm': False, 'M': True}
[22:08:58] [INFO] {'e': 'trade', 'E': 1758373738423, 's': 'BTCUSDT', 't': 5245488513, 'p': '115868.90000000', 'q': '0.00035000', 'T': 1758373738423, 'm': False, 'M': True}
[22:09:00] [INFO] {'e': 'trade', 'E': 1758373740194, 's': 'BTCUSDT', 't': 5245488517, 'p': '115868.89000000', 'q': '0.00188000', 'T': 1758373740194, 'm': True, 'M': True}
[22:09:01] [INFO] {'e': 'trade', 'E': 1758373741281, 's': 'BTCUSDT', 't': 5245488526, 'p': '115868.89000000', 'q': '0.00011000', 'T': 1758373741280, 'm': True, 'M': True}
[22:09:01] [INFO] {'e': 'trade', 'E': 1758373741997, 's': 'BTCUSDT', 't': 5245488529, 'p': '115868.89000000', 'q': '0.00076000', 'T': 1758373741997, 'm': True, 'M': True}
[22:09:01] [INFO] {'e': 'trade', 'E': 1758373742026, 's': 'BTCUSDT', 't': 5245488530, 'p': '115868.89000000', 'q': '0.00017000', 'T': 1758373742026, 'm': True, 'M': True}
[22:09:01] [INFO] {'e': 'trade', 'E': 1758373742038, 's': 'BTCUSDT', 't': 5245488531, 'p': '115868.89000000', 'q': '0.00580000', 'T': 1758373742037, 'm': True, 'M': True}
[22:09:02] [INFO] {'e': 'trade', 'E': 1758373742322, 's': 'BTCUSDT', 't': 5245488532, 'p': '115868.89000000', 'q': '0.00012000', 'T': 1758373742322, 'm': True, 'M': True}
[22:09:02] [INFO] {'e': 'trade', 'E': 1758373743004, 's': 'BTCUSDT', 't': 5245488535, 'p': '115868.89000000', 'q': '0.00014000', 'T': 1758373743004, 'm': True, 'M': True}
[22:09:05] [INFO] {'e': 'trade', 'E': 1758373745239, 's': 'BTCUSDT', 't': 5245488541, 'p': '115868.89000000', 'q': '0.00081000', 'T': 1758373745238, 'm': True, 'M': True}
[22:09:06] [INFO] {'e': 'trade', 'E': 1758373746838, 's': 'BTCUSDT', 't': 5245488544, 'p': '115868.90000000', 'q': '0.00200000', 'T': 1758373746838, 'm': False, 'M': True}
[22:09:07] [INFO] {'e': 'trade', 'E': 1758373747422, 's': 'BTCUSDT', 't': 5245488549, 'p': '115868.90000000', 'q': '0.00200000', 'T': 1758373747421, 'm': False, 'M': True}
[22:09:08] [INFO] {'e': 'trade', 'E': 1758373748046, 's': 'BTCUSDT', 't': 5245488551, 'p': '115868.89000000', 'q': '0.00530000', 'T': 1758373748046, 'm': True, 'M': True}
[22:09:08] [INFO] {'e': 'trade', 'E': 1758373748602, 's': 'BTCUSDT', 't': 5245488553, 'p': '115868.90000000', 'q': '0.00398000', 'T': 1758373748601, 'm': False, 'M': True}
[22:09:09] [INFO] {'e': 'trade', 'E': 1758373749612, 's': 'BTCUSDT', 't': 5245488555, 'p': '115868.90000000', 'q': '0.08640000', 'T': 1758373749611, 'm': False, 'M': True}
[22:09:11] [INFO] {'e': 'trade', 'E': 1758373751394, 's': 'BTCUSDT', 't': 5245488562, 'p': '115868.89000000', 'q': '0.00431000', 'T': 1758373751394, 'm': True, 'M': True}
[22:09:11] [INFO] {'e': 'trade', 'E': 1758373751937, 's': 'BTCUSDT', 't': 5245488563, 'p': '115868.90000000', 'q': '0.00258000', 'T': 1758373751936, 'm': False, 'M': True}
[22:09:12] [INFO] {'e': 'trade', 'E': 1758373752248, 's': 'BTCUSDT', 't': 5245488565, 'p': '115868.89000000', 'q': '0.00013000', 'T': 1758373752248, 'm': True, 'M': True}
[22:09:16] [INFO] {'e': 'trade', 'E': 1758373756581, 's': 'BTCUSDT', 't': 5245488578, 'p': '115868.89000000', 'q': '0.00160000', 'T': 1758373756581, 'm': True, 'M': True}
[22:09:18] [INFO] {'e': 'trade', 'E': 1758373758046, 's': 'BTCUSDT', 't': 5245488581, 'p': '115868.89000000', 'q': '0.00568000', 'T': 1758373758046, 'm': True, 'M': True}
[22:09:18] [INFO] {'e': 'trade', 'E': 1758373758433, 's': 'BTCUSDT', 't': 5245488582, 'p': '115868.89000000', 'q': '0.00079000', 'T': 1758373758432, 'm': True, 'M': True}
[22:09:18] [INFO] {'e': 'trade', 'E': 1758373758950, 's': 'BTCUSDT', 't': 5245488585, 'p': '115868.90000000', 'q': '0.00200000', 'T': 1758373758950, 'm': False, 'M': True}
[22:09:18] [INFO] {'e': 'trade', 'E': 1758373758996, 's': 'BTCUSDT', 't': 5245488586, 'p': '115868.89000000', 'q': '0.01781000', 'T': 1758373758995, 'm': True, 'M': True}
[22:09:19] [INFO] {'e': 'trade', 'E': 1758373759915, 's': 'BTCUSDT', 't': 5245488588, 'p': '115868.90000000', 'q': '0.00013000', 'T': 1758373759914, 'm': False, 'M': True}
[22:09:20] [INFO] {'e': 'trade', 'E': 1758373760141, 's': 'BTCUSDT', 't': 5245488591, 'p': '115868.89000000', 'q': '0.00855000', 'T': 1758373760141, 'm': True, 'M': True}
[22:09:22] [INFO] {'e': 'trade', 'E': 1758373762764, 's': 'BTCUSDT', 't': 5245488601, 'p': '115868.89000000', 'q': '0.00020000', 'T': 1758373762763, 'm': True, 'M': True}
[22:09:23] [INFO] {'e': 'trade', 'E': 1758373763417, 's': 'BTCUSDT', 't': 5245488603, 'p': '115868.89000000', 'q': '0.00086000', 'T': 1758373763417, 'm': True, 'M': True}
[22:09:24] [INFO] {'e': 'trade', 'E': 1758373764055, 's': 'BTCUSDT', 't': 5245488605, 'p': '115868.89000000', 'q': '0.00571000', 'T': 1758373764054, 'm': True, 'M': True}
[22:09:25] [INFO] {'e': 'trade', 'E': 1758373765647, 's': 'BTCUSDT', 't': 5245488608, 'p': '115868.90000000', 'q': '0.03966000', 'T': 1758373765647, 'm': False, 'M': True}
[22:09:25] [INFO] {'e': 'trade', 'E': 1758373765870, 's': 'BTCUSDT', 't': 5245488609, 'p': '115868.89000000', 'q': '0.00345000', 'T': 1758373765870, 'm': True, 'M': True}
[22:09:26] [INFO] {'e': 'trade', 'E': 1758373766165, 's': 'BTCUSDT', 't': 5245488611, 'p': '115868.90000000', 'q': '0.00967000', 'T': 1758373766165, 'm': False, 'M': True}
[22:09:26] [INFO] {'e': 'trade', 'E': 1758373766574, 's': 'BTCUSDT', 't': 5245488612, 'p': '115868.89000000', 'q': '0.00040000', 'T': 1758373766574, 'm': True, 'M': True}
[22:09:28] [INFO] {'e': 'trade', 'E': 1758373768056, 's': 'BTCUSDT', 't': 5245488614, 'p': '115868.89000000', 'q': '0.00586000', 'T': 1758373768056, 'm': True, 'M': True}
[22:09:28] [INFO] {'e': 'trade', 'E': 1758373768517, 's': 'BTCUSDT', 't': 5245488617, 'p': '115868.89000000', 'q': '0.00603000', 'T': 1758373768517, 'm': True, 'M': True}
[22:09:30] [INFO] {'e': 'trade', 'E': 1758373770057, 's': 'BTCUSDT', 't': 5245488628, 'p': '115868.89000000', 'q': '0.00508000', 'T': 1758373770057, 'm': True, 'M': True}
[22:09:30] [INFO] {'e': 'trade', 'E': 1758373770330, 's': 'BTCUSDT', 't': 5245488630, 'p': '115868.90000000', 'q': '0.00200000', 'T': 1758373770329, 'm': False, 'M': True}
[22:09:32] [INFO] {'e': 'trade', 'E': 1758373772062, 's': 'BTCUSDT', 't': 5245488636, 'p': '115868.89000000', 'q': '0.00549000', 'T': 1758373772062, 'm': True, 'M': True}
[22:09:33] [INFO] {'e': 'trade', 'E': 1758373773044, 's': 'BTCUSDT', 't': 5245488638, 'p': '115868.90000000', 'q': '0.00136000', 'T': 1758373773044, 'm': False, 'M': True}
[22:09:34] [INFO] {'e': 'trade', 'E': 1758373774061, 's': 'BTCUSDT', 't': 5245488641, 'p': '115868.89000000', 'q': '0.00550000', 'T': 1758373774061, 'm': True, 'M': True}
[22:09:34] [INFO] {'e': 'trade', 'E': 1758373774106, 's': 'BTCUSDT', 't': 5245488642, 'p': '115868.90000000', 'q': '0.00740000', 'T': 1758373774106, 'm': False, 'M': True}
[22:09:35] [INFO] {'e': 'trade', 'E': 1758373775620, 's': 'BTCUSDT', 't': 5245488647, 'p': '115868.90000000', 'q': '0.00013000', 'T': 1758373775619, 'm': False, 'M': True}
[22:09:35] [INFO] {'e': 'trade', 'E': 1758373775645, 's': 'BTCUSDT', 't': 5245488648, 'p': '115868.90000000', 'q': '0.03019000', 'T': 1758373775645, 'm': False, 'M': True}
[22:09:36] [INFO] {'e': 'trade', 'E': 1758373776640, 's': 'BTCUSDT', 't': 5245488652, 'p': '115868.90000000', 'q': '0.00006000', 'T': 1758373776640, 'm': False, 'M': True}
[22:09:37] [INFO] {'e': 'trade', 'E': 1758373777939, 's': 'BTCUSDT', 't': 5245488658, 'p': '115868.89000000', 'q': '0.00059000', 'T': 1758373777939, 'm': True, 'M': True}
[22:09:38] [INFO] {'e': 'trade', 'E': 1758373778280, 's': 'BTCUSDT', 't': 5245488661, 'p': '115868.89000000', 'q': '0.00388000', 'T': 1758373778279, 'm': True, 'M': True}
[22:09:39] [INFO] {'e': 'trade', 'E': 1758373779479, 's': 'BTCUSDT', 't': 5245488663, 'p': '115868.90000000', 'q': '0.00552000', 'T': 1758373779479, 'm': False, 'M': True}
[22:09:39] [INFO] {'e': 'trade', 'E': 1758373779479, 's': 'BTCUSDT', 't': 5245488664, 'p': '115868.90000000', 'q': '0.00053000', 'T': 1758373779479, 'm': False, 'M': True}
[22:09:40] [INFO] {'e': 'trade', 'E': 1758373780342, 's': 'BTCUSDT', 't': 5245488667, 'p': '115868.90000000', 'q': '0.00013000', 'T': 1758373780341, 'm': False, 'M': True}
[22:09:41] [INFO] {'e': 'trade', 'E': 1758373781202, 's': 'BTCUSDT', 't': 5245488669, 'p': '115868.89000000', 'q': '0.00287000', 'T': 1758373781202, 'm': True, 'M': True}
[22:09:42] [INFO] {'e': 'trade', 'E': 1758373782721, 's': 'BTCUSDT', 't': 5245488681, 'p': '115868.89000000', 'q': '0.00013000', 'T': 1758373782720, 'm': True, 'M': True}
[22:09:43] [INFO] {'e': 'trade', 'E': 1758373782979, 's': 'BTCUSDT', 't': 5245488682, 'p': '115868.89000000', 'q': '0.00190000', 'T': 1758373782978, 'm': True, 'M': True}
[22:09:43] [INFO] {'e': 'trade', 'E': 1758373783051, 's': 'BTCUSDT', 't': 5245488683, 'p': '115868.90000000', 'q': '0.00401000', 'T': 1758373783050, 'm': False, 'M': True}
[22:09:44] [INFO] {'e': 'trade', 'E': 1758373784272, 's': 'BTCUSDT', 't': 5245488689, 'p': '115868.90000000', 'q': '0.00863000', 'T': 1758373784271, 'm': False, 'M': True}
[22:09:44] [INFO] {'e': 'trade', 'E': 1758373784838, 's': 'BTCUSDT', 't': 5245488691, 'p': '115868.90000000', 'q': '0.00013000', 'T': 1758373784837, 'm': False, 'M': True}
[22:09:46] [INFO] {'e': 'trade', 'E': 1758373786068, 's': 'BTCUSDT', 't': 5245488693, 'p': '115868.89000000', 'q': '0.00596000', 'T': 1758373786068, 'm': True, 'M': True}
[22:09:50] [INFO] {'e': 'trade', 'E': 1758373790072, 's': 'BTCUSDT', 't': 5245488701, 'p': '115868.89000000', 'q': '0.00635000', 'T': 1758373790072, 'm': True, 'M': True}
[22:09:51] [INFO] {'e': 'trade', 'E': 1758373791575, 's': 'BTCUSDT', 't': 5245488705, 'p': '115868.89000000', 'q': '0.00072000', 'T': 1758373791575, 'm': True, 'M': True}
[22:09:52] [INFO] {'e': 'trade', 'E': 1758373792141, 's': 'BTCUSDT', 't': 5245488708, 'p': '115868.90000000', 'q': '0.00346000', 'T': 1758373792141, 'm': False, 'M': True}
[22:09:52] [INFO] {'e': 'trade', 'E': 1758373792760, 's': 'BTCUSDT', 't': 5245488712, 'p': '115868.90000000', 'q': '0.00200000', 'T': 1758373792760, 'm': False, 'M': True}
[22:09:52] [INFO] {'e': 'trade', 'E': 1758373792853, 's': 'BTCUSDT', 't': 5245488713, 'p': '115868.89000000', 'q': '0.00007000', 'T': 1758373792852, 'm': True, 'M': True}
[22:09:53] [INFO] {'e': 'trade', 'E': 1758373793128, 's': 'BTCUSDT', 't': 5245488715, 'p': '115868.90000000', 'q': '0.00200000', 'T': 1758373793128, 'm': False, 'M': True}
[22:09:53] [INFO] {'e': 'trade', 'E': 1758373793367, 's': 'BTCUSDT', 't': 5245488716, 'p': '115868.90000000', 'q': '0.00200000', 'T': 1758373793367, 'm': False, 'M': True}
[22:09:54] [INFO] {'e': 'trade', 'E': 1758373794002, 's': 'BTCUSDT', 't': 5245488719, 'p': '115868.89000000', 'q': '0.00862000', 'T': 1758373794002, 'm': True, 'M': True}
[22:09:54] [INFO] {'e': 'trade', 'E': 1758373794074, 's': 'BTCUSDT', 't': 5245488720, 'p': '115868.89000000', 'q': '0.00522000', 'T': 1758373794073, 'm': True, 'M': True}
[22:09:58] [INFO] {'e': 'trade', 'E': 1758373798080, 's': 'BTCUSDT', 't': 5245488727, 'p': '115868.89000000', 'q': '0.00544000', 'T': 1758373798079, 'm': True, 'M': True}
[22:09:58] [INFO] {'e': 'trade', 'E': 1758373798380, 's': 'BTCUSDT', 't': 5245488728, 'p': '115868.90000000', 'q': '0.00303000', 'T': 1758373798380, 'm': False, 'M': True}
[22:09:59] [INFO] {'e': 'trade', 'E': 1758373799645, 's': 'BTCUSDT', 't': 5245488731, 'p': '115868.90000000', 'q': '0.04103000', 'T': 1758373799645, 'm': False, 'M': True}
[22:10:00] [INFO] {'e': 'trade', 'E': 1758373800469, 's': 'BTCUSDT', 't': 5245488735, 'p': '115868.89000000', 'q': '0.00163000', 'T': 1758373800468, 'm': True, 'M': True}
[22:10:01] [INFO] {'e': 'trade', 'E': 1758373801740, 's': 'BTCUSDT', 't': 5245488738, 'p': '115868.90000000', 'q': '0.00332000', 'T': 1758373801740, 'm': False, 'M': True}
[22:10:01] [INFO] {'e': 'trade', 'E': 1758373801894, 's': 'BTCUSDT', 't': 5245488780, 'p': '115868.90000000', 'q': '0.01062000', 'T': 1758373801894, 'm': False, 'M': True}
[22:10:01] [INFO] {'e': 'trade', 'E': 1758373801903, 's': 'BTCUSDT', 't': 5245488781, 'p': '115868.90000000', 'q': '0.00009000', 'T': 1758373801902, 'm': False, 'M': True}
[22:10:01] [INFO] {'e': 'trade', 'E': 1758373801903, 's': 'BTCUSDT', 't': 5245488782, 'p': '115868.90000000', 'q': '0.06636000', 'T': 1758373801902, 'm': False, 'M': True}
[22:10:01] [INFO] {'e': 'trade', 'E': 1758373801906, 's': 'BTCUSDT', 't': 5245488783, 'p': '115868.90000000', 'q': '0.03364000', 'T': 1758373801906, 'm': False, 'M': True}
[22:10:01] [INFO] {'e': 'trade', 'E': 1758373801906, 's': 'BTCUSDT', 't': 5245488784, 'p': '115868.90000000', 'q': '0.00005000', 'T': 1758373801906, 'm': False, 'M': True}
[22:10:01] [INFO] {'e': 'trade', 'E': 1758373801906, 's': 'BTCUSDT', 't': 5245488785, 'p': '115868.90000000', 'q': '0.00005000', 'T': 1758373801906, 'm': False, 'M': True}
[22:10:01] [INFO] {'e': 'trade', 'E': 1758373801906, 's': 'BTCUSDT', 't': 5245488786, 'p': '115868.90000000', 'q': '0.00834000', 'T': 1758373801906, 'm': False, 'M': True}
[22:10:01] [INFO] {'e': 'trade', 'E': 1758373801906, 's': 'BTCUSDT', 't': 5245488787, 'p': '115868.90000000', 'q': '0.00005000', 'T': 1758373801906, 'm': False, 'M': True}
[22:10:01] [INFO] {'e': 'trade', 'E': 1758373801906, 's': 'BTCUSDT', 't': 5245488788, 'p': '115868.90000000', 'q': '0.07109000', 'T': 1758373801906, 'm': False, 'M': True}
[22:10:01] [INFO] {'e': 'trade', 'E': 1758373801908, 's': 'BTCUSDT', 't': 5245488789, 'p': '115868.90000000', 'q': '0.01139000', 'T': 1758373801908, 'm': False, 'M': True}
[22:10:01] [INFO] {'e': 'trade', 'E': 1758373801912, 's': 'BTCUSDT', 't': 5245488790, 'p': '115868.90000000', 'q': '0.10755000', 'T': 1758373801911, 'm': False, 'M': True}
[22:10:01] [INFO] {'e': 'trade', 'E': 1758373801912, 's': 'BTCUSDT', 't': 5245488791, 'p': '115868.90000000', 'q': '0.00186000', 'T': 1758373801911, 'm': False, 'M': True}
[22:10:01] [INFO] {'e': 'trade', 'E': 1758373801912, 's': 'BTCUSDT', 't': 5245488792, 'p': '115868.90000000', 'q': '0.03741000', 'T': 1758373801912, 'm': False, 'M': True}
[22:10:01] [INFO] {'e': 'trade', 'E': 1758373801912, 's': 'BTCUSDT', 't': 5245488793, 'p': '115868.90000000', 'q': '0.02138000', 'T': 1758373801912, 'm': False, 'M': True}
[22:10:01] [INFO] {'e': 'trade', 'E': 1758373801914, 's': 'BTCUSDT', 't': 5245488794, 'p': '115868.90000000', 'q': '0.02000000', 'T': 1758373801913, 'm': False, 'M': True}
[22:10:01] [INFO] {'e': 'trade', 'E': 1758373801914, 's': 'BTCUSDT', 't': 5245488795, 'p': '115868.90000000', 'q': '0.00005000', 'T': 1758373801913, 'm': False, 'M': True}
[22:10:01] [INFO] {'e': 'trade', 'E': 1758373801914, 's': 'BTCUSDT', 't': 5245488796, 'p': '115868.90000000', 'q': '0.00005000', 'T': 1758373801913, 'm': False, 'M': True}
[22:10:01] [INFO] {'e': 'trade', 'E': 1758373801914, 's': 'BTCUSDT', 't': 5245488797, 'p': '115868.90000000', 'q': '0.00005000', 'T': 1758373801913, 'm': False, 'M': True}
[22:10:01] [INFO] {'e': 'trade', 'E': 1758373801914, 's': 'BTCUSDT', 't': 5245488798, 'p': '115868.90000000', 'q': '0.00005000', 'T': 1758373801913, 'm': False, 'M': True}
[22:10:01] [INFO] {'e': 'trade', 'E': 1758373801914, 's': 'BTCUSDT', 't': 5245488799, 'p': '115868.90000000', 'q': '0.00005000', 'T': 1758373801913, 'm': False, 'M': True}
[22:10:01] [INFO] {'e': 'trade', 'E': 1758373801914, 's': 'BTCUSDT', 't': 5245488800, 'p': '115868.90000000', 'q': '0.00005000', 'T': 1758373801913, 'm': False, 'M': True}
[22:10:01] [INFO] {'e': 'trade', 'E': 1758373801914, 's': 'BTCUSDT', 't': 5245488801, 'p': '115868.90000000', 'q': '0.00005000', 'T': 1758373801913, 'm': False, 'M': True}
[22:10:01] [INFO] {'e': 'trade', 'E': 1758373801914, 's': 'BTCUSDT', 't': 5245488802, 'p': '115868.90000000', 'q': '0.00005000', 'T': 1758373801913, 'm': False, 'M': True}
[22:10:01] [INFO] {'e': 'trade', 'E': 1758373801914, 's': 'BTCUSDT', 't': 5245488803, 'p': '115868.90000000', 'q': '0.00005000', 'T': 1758373801913, 'm': False, 'M': True}
[22:10:01] [INFO] {'e': 'trade', 'E': 1758373801914, 's': 'BTCUSDT', 't': 5245488804, 'p': '115868.90000000', 'q': '0.00005000', 'T': 1758373801913, 'm': False, 'M': True}
[22:10:02] [INFO] {'e': 'trade', 'E': 1758373801914, 's': 'BTCUSDT', 't': 5245488805, 'p': '115868.90000000', 'q': '0.00007000', 'T': 1758373801913, 'm': False, 'M': True}
[22:10:02] [INFO] {'e': 'trade', 'E': 1758373801914, 's': 'BTCUSDT', 't': 5245488806, 'p': '115868.90000000', 'q': '0.00005000', 'T': 1758373801913, 'm': False, 'M': True}
[22:10:02] [INFO] {'e': 'trade', 'E': 1758373801914, 's': 'BTCUSDT', 't': 5245488807, 'p': '115868.90000000', 'q': '0.00005000', 'T': 1758373801913, 'm': False, 'M': True}
[22:10:02] [INFO] {'e': 'trade', 'E': 1758373801914, 's': 'BTCUSDT', 't': 5245488808, 'p': '115868.90000000', 'q': '0.00005000', 'T': 1758373801913, 'm': False, 'M': True}
[22:10:02] [INFO] {'e': 'trade', 'E': 1758373801914, 's': 'BTCUSDT', 't': 5245488809, 'p': '115868.90000000', 'q': '0.00005000', 'T': 1758373801913, 'm': False, 'M': True}
[22:10:02] [INFO] {'e': 'trade', 'E': 1758373801914, 's': 'BTCUSDT', 't': 5245488810, 'p': '115868.90000000', 'q': '0.00005000', 'T': 1758373801913, 'm': False, 'M': True}
[22:10:02] [INFO] {'e': 'trade', 'E': 1758373801914, 's': 'BTCUSDT', 't': 5245488811, 'p': '115868.90000000', 'q': '0.00005000', 'T': 1758373801913, 'm': False, 'M': True}
[22:10:02] [INFO] {'e': 'trade', 'E': 1758373801914, 's': 'BTCUSDT', 't': 5245488812, 'p': '115868.90000000', 'q': '0.00005000', 'T': 1758373801913, 'm': False, 'M': True}
[22:10:02] [INFO] {'e': 'trade', 'E': 1758373801914, 's': 'BTCUSDT', 't': 5245488813, 'p': '115868.90000000', 'q': '0.00005000', 'T': 1758373801913, 'm': False, 'M': True}
[22:10:02] [INFO] {'e': 'trade', 'E': 1758373801914, 's': 'BTCUSDT', 't': 5245488814, 'p': '115868.90000000', 'q': '0.00005000', 'T': 1758373801913, 'm': False, 'M': True}
[22:10:02] [INFO] {'e': 'trade', 'E': 1758373801914, 's': 'BTCUSDT', 't': 5245488815, 'p': '115868.90000000', 'q': '0.00010000', 'T': 1758373801913, 'm': False, 'M': True}
[22:10:02] [INFO] {'e': 'trade', 'E': 1758373801914, 's': 'BTCUSDT', 't': 5245488816, 'p': '115868.90000000', 'q': '0.00069000', 'T': 1758373801913, 'm': False, 'M': True}
[22:10:02] [INFO] {'e': 'trade', 'E': 1758373801914, 's': 'BTCUSDT', 't': 5245488817, 'p': '115868.90000000', 'q': '0.00005000', 'T': 1758373801913, 'm': False, 'M': True}
[22:10:02] [INFO] {'e': 'trade', 'E': 1758373801914, 's': 'BTCUSDT', 't': 5245488818, 'p': '115868.90000000', 'q': '0.00069000', 'T': 1758373801913, 'm': False, 'M': True}
[22:10:02] [INFO] {'e': 'trade', 'E': 1758373801914, 's': 'BTCUSDT', 't': 5245488819, 'p': '115868.90000000', 'q': '0.00005000', 'T': 1758373801913, 'm': False, 'M': True}
[22:10:02] [INFO] {'e': 'trade', 'E': 1758373801914, 's': 'BTCUSDT', 't': 5245488820, 'p': '115868.90000000', 'q': '0.00005000', 'T': 1758373801913, 'm': False, 'M': True}
[22:10:02] [INFO] {'e': 'trade', 'E': 1758373801914, 's': 'BTCUSDT', 't': 5245488821, 'p': '115868.90000000', 'q': '0.00005000', 'T': 1758373801913, 'm': False, 'M': True}
[22:10:02] [INFO] {'e': 'trade', 'E': 1758373801914, 's': 'BTCUSDT', 't': 5245488822, 'p': '115868.91000000', 'q': '0.01926000', 'T': 1758373801913, 'm': False, 'M': True}
[22:10:02] [INFO] {'e': 'trade', 'E': 1758373801914, 's': 'BTCUSDT', 't': 5245488823, 'p': '115868.91000000', 'q': '0.04429000', 'T': 1758373801913, 'm': False, 'M': True}
[22:10:02] [INFO] {'e': 'trade', 'E': 1758373801914, 's': 'BTCUSDT', 't': 5245488824, 'p': '115868.91000000', 'q': '0.00819000', 'T': 1758373801913, 'm': False, 'M': True}
[22:10:02] [INFO] {'e': 'trade', 'E': 1758373801914, 's': 'BTCUSDT', 't': 5245488825, 'p': '115868.91000000', 'q': '0.01822000', 'T': 1758373801914, 'm': False, 'M': True}
[22:10:02] [INFO] {'e': 'trade', 'E': 1758373801914, 's': 'BTCUSDT', 't': 5245488826, 'p': '115868.91000000', 'q': '0.02403000', 'T': 1758373801914, 'm': False, 'M': True}
[22:10:02] [INFO] {'e': 'trade', 'E': 1758373801914, 's': 'BTCUSDT', 't': 5245488827, 'p': '115868.91000000', 'q': '0.03405000', 'T': 1758373801914, 'm': False, 'M': True}
[22:10:02] [INFO] {'e': 'trade', 'E': 1758373801914, 's': 'BTCUSDT', 't': 5245488828, 'p': '115868.91000000', 'q': '0.00939000', 'T': 1758373801914, 'm': False, 'M': True}
[22:10:02] [INFO] {'e': 'trade', 'E': 1758373801914, 's': 'BTCUSDT', 't': 5245488829, 'p': '115868.91000000', 'q': '0.00237000', 'T': 1758373801914, 'm': False, 'M': True}
[22:10:02] [INFO] {'e': 'trade', 'E': 1758373801919, 's': 'BTCUSDT', 't': 5245488830, 'p': '115868.91000000', 'q': '0.00385000', 'T': 1758373801918, 'm': False, 'M': True}
[22:10:02] [INFO] {'e': 'trade', 'E': 1758373801919, 's': 'BTCUSDT', 't': 5245488831, 'p': '115868.91000000', 'q': '0.00880000', 'T': 1758373801918, 'm': False, 'M': True}
[22:10:02] [INFO] {'e': 'trade', 'E': 1758373801919, 's': 'BTCUSDT', 't': 5245488832, 'p': '115868.91000000', 'q': '0.00023000', 'T': 1758373801918, 'm': False, 'M': True}
[22:10:02] [INFO] {'e': 'trade', 'E': 1758373801919, 's': 'BTCUSDT', 't': 5245488833, 'p': '115868.91000000', 'q': '0.00822000', 'T': 1758373801918, 'm': False, 'M': True}
[22:10:02] [INFO] {'e': 'trade', 'E': 1758373801926, 's': 'BTCUSDT', 't': 5245488834, 'p': '115868.91000000', 'q': '0.01134000', 'T': 1758373801925, 'm': False, 'M': True}
[22:10:02] [INFO] {'e': 'trade', 'E': 1758373801930, 's': 'BTCUSDT', 't': 5245488835, 'p': '115868.91000000', 'q': '0.01079000', 'T': 1758373801930, 'm': False, 'M': True}
[22:10:02] [INFO] {'e': 'trade', 'E': 1758373801933, 's': 'BTCUSDT', 't': 5245488836, 'p': '115868.91000000', 'q': '0.05294000', 'T': 1758373801933, 'm': False, 'M': True}
[22:10:02] [INFO] {'e': 'trade', 'E': 1758373801933, 's': 'BTCUSDT', 't': 5245488837, 'p': '115868.91000000', 'q': '0.00018000', 'T': 1758373801933, 'm': False, 'M': True}
[22:10:02] [INFO] {'e': 'trade', 'E': 1758373801933, 's': 'BTCUSDT', 't': 5245488838, 'p': '115868.91000000', 'q': '0.02993000', 'T': 1758373801933, 'm': False, 'M': True}
[22:10:02] [INFO] {'e': 'trade', 'E': 1758373801933, 's': 'BTCUSDT', 't': 5245488839, 'p': '115868.91000000', 'q': '0.00204000', 'T': 1758373801933, 'm': False, 'M': True}
[22:10:02] [INFO] {'e': 'trade', 'E': 1758373801935, 's': 'BTCUSDT', 't': 5245488840, 'p': '115868.91000000', 'q': '0.02954000', 'T': 1758373801934, 'm': False, 'M': True}
[22:10:02] [INFO] {'e': 'trade', 'E': 1758373801935, 's': 'BTCUSDT', 't': 5245488841, 'p': '115868.91000000', 'q': '0.03519000', 'T': 1758373801934, 'm': False, 'M': True}
[22:10:02] [INFO] {'e': 'trade', 'E': 1758373801935, 's': 'BTCUSDT', 't': 5245488842, 'p': '115868.91000000', 'q': '0.02773000', 'T': 1758373801934, 'm': False, 'M': True}
[22:10:02] [INFO] {'e': 'trade', 'E': 1758373801935, 's': 'BTCUSDT', 't': 5245488843, 'p': '115868.91000000', 'q': '0.00178000', 'T': 1758373801934, 'm': False, 'M': True}
[22:10:02] [INFO] {'e': 'trade', 'E': 1758373801935, 's': 'BTCUSDT', 't': 5245488844, 'p': '115868.91000000', 'q': '0.00026000', 'T': 1758373801934, 'm': False, 'M': True}
[22:10:02] [INFO] {'e': 'trade', 'E': 1758373801935, 's': 'BTCUSDT', 't': 5245488845, 'p': '115868.91000000', 'q': '0.00306000', 'T': 1758373801934, 'm': False, 'M': True}
[22:10:02] [INFO] {'e': 'trade', 'E': 1758373801935, 's': 'BTCUSDT', 't': 5245488846, 'p': '115868.91000000', 'q': '0.00005000', 'T': 1758373801934, 'm': False, 'M': True}
[22:10:02] [INFO] {'e': 'trade', 'E': 1758373801935, 's': 'BTCUSDT', 't': 5245488847, 'p': '115868.91000000', 'q': '0.00005000', 'T': 1758373801934, 'm': False, 'M': True}
[22:10:02] [INFO] {'e': 'trade', 'E': 1758373801935, 's': 'BTCUSDT', 't': 5245488848, 'p': '115868.91000000', 'q': '0.00005000', 'T': 1758373801934, 'm': False, 'M': True}
[22:10:02] [INFO] {'e': 'trade', 'E': 1758373801935, 's': 'BTCUSDT', 't': 5245488849, 'p': '115868.91000000', 'q': '0.00005000', 'T': 1758373801934, 'm': False, 'M': True}
[22:10:02] [INFO] {'e': 'trade', 'E': 1758373801935, 's': 'BTCUSDT', 't': 5245488850, 'p': '115868.91000000', 'q': '0.00005000', 'T': 1758373801934, 'm': False, 'M': True}
[22:10:02] [INFO] {'e': 'trade', 'E': 1758373801935, 's': 'BTCUSDT', 't': 5245488851, 'p': '115868.91000000', 'q': '0.00495000', 'T': 1758373801934, 'm': False, 'M': True}
[22:10:02] [INFO] {'e': 'trade', 'E': 1758373801935, 's': 'BTCUSDT', 't': 5245488852, 'p': '115868.91000000', 'q': '0.00005000', 'T': 1758373801934, 'm': False, 'M': True}
[22:10:02] [INFO] {'e': 'trade', 'E': 1758373801935, 's': 'BTCUSDT', 't': 5245488853, 'p': '115868.91000000', 'q': '0.00005000', 'T': 1758373801934, 'm': False, 'M': True}
[22:10:02] [INFO] {'e': 'trade', 'E': 1758373801935, 's': 'BTCUSDT', 't': 5245488854, 'p': '115868.91000000', 'q': '0.00005000', 'T': 1758373801934, 'm': False, 'M': True}
[22:10:02] [INFO] {'e': 'trade', 'E': 1758373801935, 's': 'BTCUSDT', 't': 5245488855, 'p': '115868.91000000', 'q': '0.00139000', 'T': 1758373801934, 'm': False, 'M': True}
[22:10:02] [INFO] {'e': 'trade', 'E': 1758373801935, 's': 'BTCUSDT', 't': 5245488856, 'p': '115868.91000000', 'q': '0.00005000', 'T': 1758373801934, 'm': False, 'M': True}
[22:10:02] [INFO] {'e': 'trade', 'E': 1758373801935, 's': 'BTCUSDT', 't': 5245488857, 'p': '115868.91000000', 'q': '0.00005000', 'T': 1758373801934, 'm': False, 'M': True}
[22:10:02] [INFO] {'e': 'trade', 'E': 1758373801935, 's': 'BTCUSDT', 't': 5245488858, 'p': '115868.91000000', 'q': '0.00005000', 'T': 1758373801934, 'm': False, 'M': True}
[22:10:02] [INFO] {'e': 'trade', 'E': 1758373801935, 's': 'BTCUSDT', 't': 5245488859, 'p': '115868.91000000', 'q': '0.00005000', 'T': 1758373801934, 'm': False, 'M': True}
[22:10:02] [INFO] {'e': 'trade', 'E': 1758373801935, 's': 'BTCUSDT', 't': 5245488860, 'p': '115868.91000000', 'q': '0.00005000', 'T': 1758373801934, 'm': False, 'M': True}
[22:10:02] [INFO] {'e': 'trade', 'E': 1758373801935, 's': 'BTCUSDT', 't': 5245488861, 'p': '115868.91000000', 'q': '0.00005000', 'T': 1758373801934, 'm': False, 'M': True}
[22:10:02] [INFO] {'e': 'trade', 'E': 1758373801935, 's': 'BTCUSDT', 't': 5245488862, 'p': '115868.91000000', 'q': '0.00005000', 'T': 1758373801934, 'm': False, 'M': True}
[22:10:02] [INFO] {'e': 'trade', 'E': 1758373801935, 's': 'BTCUSDT', 't': 5245488863, 'p': '115868.91000000', 'q': '0.00005000', 'T': 1758373801934, 'm': False, 'M': True}
[22:10:02] [INFO] {'e': 'trade', 'E': 1758373801935, 's': 'BTCUSDT', 't': 5245488864, 'p': '115868.91000000', 'q': '0.00005000', 'T': 1758373801934, 'm': False, 'M': True}
[22:10:02] [INFO] {'e': 'trade', 'E': 1758373801935, 's': 'BTCUSDT', 't': 5245488865, 'p': '115868.91000000', 'q': '0.00005000', 'T': 1758373801934, 'm': False, 'M': True}
[22:10:02] [INFO] {'e': 'trade', 'E': 1758373801935, 's': 'BTCUSDT', 't': 5245488866, 'p': '115868.91000000', 'q': '0.00005000', 'T': 1758373801934, 'm': False, 'M': True}
[22:10:02] [INFO] {'e': 'trade', 'E': 1758373801935, 's': 'BTCUSDT', 't': 5245488867, 'p': '115868.91000000', 'q': '0.00005000', 'T': 1758373801934, 'm': False, 'M': True}
[22:10:02] [INFO] {'e': 'trade', 'E': 1758373801935, 's': 'BTCUSDT', 't': 5245488868, 'p': '115868.91000000', 'q': '0.00005000', 'T': 1758373801934, 'm': False, 'M': True}
[22:10:02] [INFO] {'e': 'trade', 'E': 1758373801935, 's': 'BTCUSDT', 't': 5245488869, 'p': '115868.91000000', 'q': '0.00005000', 'T': 1758373801934, 'm': False, 'M': True}
[22:10:02] [INFO] {'e': 'trade', 'E': 1758373801935, 's': 'BTCUSDT', 't': 5245488870, 'p': '115868.91000000', 'q': '0.00005000', 'T': 1758373801934, 'm': False, 'M': True}
[22:10:02] [INFO] {'e': 'trade', 'E': 1758373801935, 's': 'BTCUSDT', 't': 5245488871, 'p': '115868.91000000', 'q': '0.00005000', 'T': 1758373801934, 'm': False, 'M': True}
[22:10:02] [INFO] {'e': 'trade', 'E': 1758373801935, 's': 'BTCUSDT', 't': 5245488872, 'p': '115868.91000000', 'q': '0.00005000', 'T': 1758373801934, 'm': False, 'M': True}
[22:10:02] [INFO] {'e': 'trade', 'E': 1758373801935, 's': 'BTCUSDT', 't': 5245488873, 'p': '115868.91000000', 'q': '0.00005000', 'T': 1758373801934, 'm': False, 'M': True}
[22:10:02] [INFO] {'e': 'trade', 'E': 1758373801935, 's': 'BTCUSDT', 't': 5245488874, 'p': '115868.91000000', 'q': '0.00005000', 'T': 1758373801934, 'm': False, 'M': True}
[22:10:02] [INFO] {'e': 'trade', 'E': 1758373801935, 's': 'BTCUSDT', 't': 5245488875, 'p': '115868.91000000', 'q': '0.00005000', 'T': 1758373801934, 'm': False, 'M': True}
[22:10:02] [INFO] {'e': 'trade', 'E': 1758373801935, 's': 'BTCUSDT', 't': 5245488876, 'p': '115868.91000000', 'q': '0.00010000', 'T': 1758373801934, 'm': False, 'M': True}
[22:10:02] [INFO] {'e': 'trade', 'E': 1758373801935, 's': 'BTCUSDT', 't': 5245488877, 'p': '115868.91000000', 'q': '0.00005000', 'T': 1758373801934, 'm': False, 'M': True}
[22:10:02] [INFO] {'e': 'trade', 'E': 1758373801935, 's': 'BTCUSDT', 't': 5245488878, 'p': '115868.91000000', 'q': '0.00005000', 'T': 1758373801934, 'm': False, 'M': True}
[22:10:02] [INFO] {'e': 'trade', 'E': 1758373801935, 's': 'BTCUSDT', 't': 5245488879, 'p': '115868.91000000', 'q': '0.00005000', 'T': 1758373801934, 'm': False, 'M': True}
[22:10:02] [INFO] {'e': 'trade', 'E': 1758373801935, 's': 'BTCUSDT', 't': 5245488880, 'p': '115868.91000000', 'q': '0.00005000', 'T': 1758373801934, 'm': False, 'M': True}
[22:10:02] [INFO] {'e': 'trade', 'E': 1758373801935, 's': 'BTCUSDT', 't': 5245488881, 'p': '115868.91000000', 'q': '0.00005000', 'T': 1758373801934, 'm': False, 'M': True}
[22:10:02] [INFO] {'e': 'trade', 'E': 1758373801935, 's': 'BTCUSDT', 't': 5245488882, 'p': '115868.91000000', 'q': '0.00005000', 'T': 1758373801934, 'm': False, 'M': True}
[22:10:02] [INFO] {'e': 'trade', 'E': 1758373801935, 's': 'BTCUSDT', 't': 5245488883, 'p': '115868.91000000', 'q': '0.00005000', 'T': 1758373801934, 'm': False, 'M': True}
[22:10:02] [INFO] {'e': 'trade', 'E': 1758373801935, 's': 'BTCUSDT', 't': 5245488884, 'p': '115868.91000000', 'q': '0.00005000', 'T': 1758373801934, 'm': False, 'M': True}
[22:10:02] [INFO] {'e': 'trade', 'E': 1758373801935, 's': 'BTCUSDT', 't': 5245488885, 'p': '115868.92000000', 'q': '0.00010000', 'T': 1758373801934, 'm': False, 'M': True}
[22:10:02] [INFO] {'e': 'trade', 'E': 1758373801935, 's': 'BTCUSDT', 't': 5245488886, 'p': '115868.92000000', 'q': '0.00005000', 'T': 1758373801934, 'm': False, 'M': True}
[22:10:02] [INFO] {'e': 'trade', 'E': 1758373801935, 's': 'BTCUSDT', 't': 5245488887, 'p': '115868.92000000', 'q': '0.00005000', 'T': 1758373801934, 'm': False, 'M': True}
[22:10:02] [INFO] {'e': 'trade', 'E': 1758373801935, 's': 'BTCUSDT', 't': 5245488888, 'p': '115868.92000000', 'q': '0.00005000', 'T': 1758373801934, 'm': False, 'M': True}
[22:10:02] [INFO] {'e': 'trade', 'E': 1758373801935, 's': 'BTCUSDT', 't': 5245488889, 'p': '115868.92000000', 'q': '0.00005000', 'T': 1758373801934, 'm': False, 'M': True}
[22:10:02] [INFO] {'e': 'trade', 'E': 1758373801935, 's': 'BTCUSDT', 't': 5245488890, 'p': '115868.92000000', 'q': '0.00005000', 'T': 1758373801934, 'm': False, 'M': True}
[22:10:02] [INFO] {'e': 'trade', 'E': 1758373801935, 's': 'BTCUSDT', 't': 5245488891, 'p': '115868.92000000', 'q': '0.00005000', 'T': 1758373801934, 'm': False, 'M': True}
[22:10:02] [INFO] {'e': 'trade', 'E': 1758373801935, 's': 'BTCUSDT', 't': 5245488892, 'p': '115868.92000000', 'q': '0.00005000', 'T': 1758373801934, 'm': False, 'M': True}
[22:10:02] [INFO] {'e': 'trade', 'E': 1758373801935, 's': 'BTCUSDT', 't': 5245488893, 'p': '115868.92000000', 'q': '0.00005000', 'T': 1758373801934, 'm': False, 'M': True}
[22:10:02] [INFO] {'e': 'trade', 'E': 1758373801935, 's': 'BTCUSDT', 't': 5245488894, 'p': '115868.92000000', 'q': '0.00005000', 'T': 1758373801934, 'm': False, 'M': True}
[22:10:02] [INFO] {'e': 'trade', 'E': 1758373801935, 's': 'BTCUSDT', 't': 5245488895, 'p': '115868.92000000', 'q': '0.00005000', 'T': 1758373801934, 'm': False, 'M': True}
[22:10:02] [INFO] {'e': 'trade', 'E': 1758373801935, 's': 'BTCUSDT', 't': 5245488896, 'p': '115868.92000000', 'q': '0.00005000', 'T': 1758373801934, 'm': False, 'M': True}
[22:10:02] [INFO] {'e': 'trade', 'E': 1758373801935, 's': 'BTCUSDT', 't': 5245488897, 'p': '115868.92000000', 'q': '0.00005000', 'T': 1758373801934, 'm': False, 'M': True}
[22:10:02] [INFO] {'e': 'trade', 'E': 1758373801935, 's': 'BTCUSDT', 't': 5245488898, 'p': '115868.92000000', 'q': '0.00005000', 'T': 1758373801934, 'm': False, 'M': True}
[22:10:02] [INFO] {'e': 'trade', 'E': 1758373801935, 's': 'BTCUSDT', 't': 5245488899, 'p': '115868.92000000', 'q': '0.00005000', 'T': 1758373801934, 'm': False, 'M': True}
[22:10:02] [INFO] {'e': 'trade', 'E': 1758373801935, 's': 'BTCUSDT', 't': 5245488900, 'p': '115869.59000000', 'q': '0.00010000', 'T': 1758373801934, 'm': False, 'M': True}
[22:10:02] [INFO] {'e': 'trade', 'E': 1758373801935, 's': 'BTCUSDT', 't': 5245488901, 'p': '115871.25000000', 'q': '0.00005000', 'T': 1758373801934, 'm': False, 'M': True}
[22:10:02] [INFO] {'e': 'trade', 'E': 1758373801935, 's': 'BTCUSDT', 't': 5245488902, 'p': '115871.25000000', 'q': '0.00005000', 'T': 1758373801934, 'm': False, 'M': True}
[22:10:02] [INFO] {'e': 'trade', 'E': 1758373801935, 's': 'BTCUSDT', 't': 5245488903, 'p': '115871.25000000', 'q': '0.00005000', 'T': 1758373801934, 'm': False, 'M': True}
[22:10:02] [INFO] {'e': 'trade', 'E': 1758373801935, 's': 'BTCUSDT', 't': 5245488904, 'p': '115871.53000000', 'q': '0.00005000', 'T': 1758373801934, 'm': False, 'M': True}
[22:10:02] [INFO] {'e': 'trade', 'E': 1758373801935, 's': 'BTCUSDT', 't': 5245488905, 'p': '115871.58000000', 'q': '0.00005000', 'T': 1758373801934, 'm': False, 'M': True}
[22:10:02] [INFO] {'e': 'trade', 'E': 1758373801935, 's': 'BTCUSDT', 't': 5245488906, 'p': '115871.58000000', 'q': '0.00005000', 'T': 1758373801934, 'm': False, 'M': True}
[22:10:02] [INFO] {'e': 'trade', 'E': 1758373801935, 's': 'BTCUSDT', 't': 5245488907, 'p': '115871.58000000', 'q': '0.00005000', 'T': 1758373801934, 'm': False, 'M': True}
[22:10:02] [INFO] {'e': 'trade', 'E': 1758373801935, 's': 'BTCUSDT', 't': 5245488908, 'p': '115871.59000000', 'q': '0.03121000', 'T': 1758373801934, 'm': False, 'M': True}
[22:10:02] [INFO] {'e': 'trade', 'E': 1758373801940, 's': 'BTCUSDT', 't': 5245488909, 'p': '115871.59000000', 'q': '0.06492000', 'T': 1758373801939, 'm': False, 'M': True}
[22:10:02] [INFO] {'e': 'trade', 'E': 1758373801940, 's': 'BTCUSDT', 't': 5245488910, 'p': '115871.59000000', 'q': '0.06051000', 'T': 1758373801940, 'm': False, 'M': True}
[22:10:02] [INFO] {'e': 'trade', 'E': 1758373801940, 's': 'BTCUSDT', 't': 5245488911, 'p': '115871.59000000', 'q': '0.00005000', 'T': 1758373801940, 'm': False, 'M': True}
[22:10:02] [INFO] {'e': 'trade', 'E': 1758373801940, 's': 'BTCUSDT', 't': 5245488912, 'p': '115871.59000000', 'q': '0.00010000', 'T': 1758373801940, 'm': False, 'M': True}
[22:10:02] [INFO] {'e': 'trade', 'E': 1758373801940, 's': 'BTCUSDT', 't': 5245488913, 'p': '115871.59000000', 'q': '0.00005000', 'T': 1758373801940, 'm': False, 'M': True}
[22:10:02] [INFO] {'e': 'trade', 'E': 1758373801940, 's': 'BTCUSDT', 't': 5245488914, 'p': '115871.59000000', 'q': '0.00005000', 'T': 1758373801940, 'm': False, 'M': True}
[22:10:02] [INFO] {'e': 'trade', 'E': 1758373801940, 's': 'BTCUSDT', 't': 5245488915, 'p': '115871.59000000', 'q': '0.00005000', 'T': 1758373801940, 'm': False, 'M': True}
[22:10:02] [INFO] {'e': 'trade', 'E': 1758373801940, 's': 'BTCUSDT', 't': 5245488916, 'p': '115871.59000000', 'q': '0.00005000', 'T': 1758373801940, 'm': False, 'M': True}
[22:10:02] [INFO] {'e': 'trade', 'E': 1758373801940, 's': 'BTCUSDT', 't': 5245488917, 'p': '115871.59000000', 'q': '0.00005000', 'T': 1758373801940, 'm': False, 'M': True}
[22:10:02] [INFO] {'e': 'trade', 'E': 1758373801940, 's': 'BTCUSDT', 't': 5245488918, 'p': '115871.59000000', 'q': '0.00005000', 'T': 1758373801940, 'm': False, 'M': True}
[22:10:02] [INFO] {'e': 'trade', 'E': 1758373801940, 's': 'BTCUSDT', 't': 5245488919, 'p': '115871.59000000', 'q': '0.00005000', 'T': 1758373801940, 'm': False, 'M': True}
[22:10:02] [INFO] {'e': 'trade', 'E': 1758373801940, 's': 'BTCUSDT', 't': 5245488920, 'p': '115871.59000000', 'q': '0.00005000', 'T': 1758373801940, 'm': False, 'M': True}
[22:10:02] [INFO] {'e': 'trade', 'E': 1758373801940, 's': 'BTCUSDT', 't': 5245488921, 'p': '115871.59000000', 'q': '0.00005000', 'T': 1758373801940, 'm': False, 'M': True}
[22:10:02] [INFO] {'e': 'trade', 'E': 1758373801940, 's': 'BTCUSDT', 't': 5245488922, 'p': '115871.59000000', 'q': '0.00005000', 'T': 1758373801940, 'm': False, 'M': True}
[22:10:02] [INFO] {'e': 'trade', 'E': 1758373801940, 's': 'BTCUSDT', 't': 5245488923, 'p': '115871.59000000', 'q': '0.00005000', 'T': 1758373801940, 'm': False, 'M': True}
[22:10:02] [INFO] {'e': 'trade', 'E': 1758373801940, 's': 'BTCUSDT', 't': 5245488924, 'p': '115871.59000000', 'q': '0.00005000', 'T': 1758373801940, 'm': False, 'M': True}
[22:10:02] [INFO] {'e': 'trade', 'E': 1758373801940, 's': 'BTCUSDT', 't': 5245488925, 'p': '115871.59000000', 'q': '0.00005000', 'T': 1758373801940, 'm': False, 'M': True}
[22:10:02] [INFO] {'e': 'trade', 'E': 1758373801940, 's': 'BTCUSDT', 't': 5245488926, 'p': '115871.59000000', 'q': '0.00005000', 'T': 1758373801940, 'm': False, 'M': True}
[22:10:02] [INFO] {'e': 'trade', 'E': 1758373801940, 's': 'BTCUSDT', 't': 5245488927, 'p': '115871.59000000', 'q': '0.00005000', 'T': 1758373801940, 'm': False, 'M': True}
[22:10:02] [INFO] {'e': 'trade', 'E': 1758373801940, 's': 'BTCUSDT', 't': 5245488928, 'p': '115871.59000000', 'q': '0.00005000', 'T': 1758373801940, 'm': False, 'M': True}
[22:10:02] [INFO] {'e': 'trade', 'E': 1758373801940, 's': 'BTCUSDT', 't': 5245488929, 'p': '115871.59000000', 'q': '0.00005000', 'T': 1758373801940, 'm': False, 'M': True}
[22:10:02] [INFO] {'e': 'trade', 'E': 1758373801940, 's': 'BTCUSDT', 't': 5245488930, 'p': '115871.59000000', 'q': '0.00005000', 'T': 1758373801940, 'm': False, 'M': True}
[22:10:02] [INFO] {'e': 'trade', 'E': 1758373801940, 's': 'BTCUSDT', 't': 5245488931, 'p': '115871.59000000', 'q': '0.00005000', 'T': 1758373801940, 'm': False, 'M': True}
[22:10:02] [INFO] {'e': 'trade', 'E': 1758373801940, 's': 'BTCUSDT', 't': 5245488932, 'p': '115871.60000000', 'q': '0.00010000', 'T': 1758373801940, 'm': False, 'M': True}
[22:10:02] [INFO] {'e': 'trade', 'E': 1758373801940, 's': 'BTCUSDT', 't': 5245488933, 'p': '115871.60000000', 'q': '0.00005000', 'T': 1758373801940, 'm': False, 'M': True}
[22:10:02] [INFO] {'e': 'trade', 'E': 1758373801940, 's': 'BTCUSDT', 't': 5245488934, 'p': '115871.60000000', 'q': '0.00005000', 'T': 1758373801940, 'm': False, 'M': True}
[22:10:02] [INFO] {'e': 'trade', 'E': 1758373801940, 's': 'BTCUSDT', 't': 5245488935, 'p': '115871.60000000', 'q': '0.00005000', 'T': 1758373801940, 'm': False, 'M': True}
[22:10:02] [INFO] {'e': 'trade', 'E': 1758373801940, 's': 'BTCUSDT', 't': 5245488936, 'p': '115871.60000000', 'q': '0.00005000', 'T': 1758373801940, 'm': False, 'M': True}
[22:10:02] [INFO] {'e': 'trade', 'E': 1758373801940, 's': 'BTCUSDT', 't': 5245488937, 'p': '115871.60000000', 'q': '0.00005000', 'T': 1758373801940, 'm': False, 'M': True}
[22:10:02] [INFO] {'e': 'trade', 'E': 1758373801940, 's': 'BTCUSDT', 't': 5245488938, 'p': '115871.60000000', 'q': '0.00005000', 'T': 1758373801940, 'm': False, 'M': True}
[22:10:02] [INFO] {'e': 'trade', 'E': 1758373801940, 's': 'BTCUSDT', 't': 5245488939, 'p': '115871.60000000', 'q': '0.00005000', 'T': 1758373801940, 'm': False, 'M': True}
[22:10:02] [INFO] {'e': 'trade', 'E': 1758373801940, 's': 'BTCUSDT', 't': 5245488940, 'p': '115871.60000000', 'q': '0.00005000', 'T': 1758373801940, 'm': False, 'M': True}
[22:10:02] [INFO] {'e': 'trade', 'E': 1758373801940, 's': 'BTCUSDT', 't': 5245488941, 'p': '115871.60000000', 'q': '0.00005000', 'T': 1758373801940, 'm': False, 'M': True}
[22:10:02] [INFO] {'e': 'trade', 'E': 1758373801940, 's': 'BTCUSDT', 't': 5245488942, 'p': '115871.60000000', 'q': '0.00005000', 'T': 1758373801940, 'm': False, 'M': True}
[22:10:02] [INFO] {'e': 'trade', 'E': 1758373801940, 's': 'BTCUSDT', 't': 5245488943, 'p': '115871.60000000', 'q': '0.00005000', 'T': 1758373801940, 'm': False, 'M': True}
[22:10:02] [INFO] {'e': 'trade', 'E': 1758373801940, 's': 'BTCUSDT', 't': 5245488944, 'p': '115871.60000000', 'q': '0.00005000', 'T': 1758373801940, 'm': False, 'M': True}
[22:10:02] [INFO] {'e': 'trade', 'E': 1758373801940, 's': 'BTCUSDT', 't': 5245488945, 'p': '115871.60000000', 'q': '0.00005000', 'T': 1758373801940, 'm': False, 'M': True}
[22:10:02] [INFO] {'e': 'trade', 'E': 1758373801940, 's': 'BTCUSDT', 't': 5245488946, 'p': '115871.60000000', 'q': '0.00005000', 'T': 1758373801940, 'm': False, 'M': True}
[22:10:02] [INFO] {'e': 'trade', 'E': 1758373801940, 's': 'BTCUSDT', 't': 5245488947, 'p': '115871.76000000', 'q': '0.00005000', 'T': 1758373801940, 'm': False, 'M': True}
[22:10:02] [INFO] {'e': 'trade', 'E': 1758373801940, 's': 'BTCUSDT', 't': 5245488948, 'p': '115871.76000000', 'q': '0.00005000', 'T': 1758373801940, 'm': False, 'M': True}
[22:10:02] [INFO] {'e': 'trade', 'E': 1758373801940, 's': 'BTCUSDT', 't': 5245488949, 'p': '115871.76000000', 'q': '0.00005000', 'T': 1758373801940, 'm': False, 'M': True}
[22:10:02] [INFO] {'e': 'trade', 'E': 1758373801940, 's': 'BTCUSDT', 't': 5245488950, 'p': '115871.86000000', 'q': '0.00563000', 'T': 1758373801940, 'm': False, 'M': True}
[22:10:02] [INFO] {'e': 'trade', 'E': 1758373801940, 's': 'BTCUSDT', 't': 5245488951, 'p': '115871.86000000', 'q': '0.00005000', 'T': 1758373801940, 'm': False, 'M': True}
[22:10:02] [INFO] {'e': 'trade', 'E': 1758373801940, 's': 'BTCUSDT', 't': 5245488952, 'p': '115871.86000000', 'q': '0.00005000', 'T': 1758373801940, 'm': False, 'M': True}
[22:10:02] [INFO] {'e': 'trade', 'E': 1758373801940, 's': 'BTCUSDT', 't': 5245488953, 'p': '115871.86000000', 'q': '0.00010000', 'T': 1758373801940, 'm': False, 'M': True}
[22:10:02] [INFO] {'e': 'trade', 'E': 1758373801940, 's': 'BTCUSDT', 't': 5245488954, 'p': '115871.86000000', 'q': '0.00005000', 'T': 1758373801940, 'm': False, 'M': True}
[22:10:02] [INFO] {'e': 'trade', 'E': 1758373801940, 's': 'BTCUSDT', 't': 5245488955, 'p': '115871.86000000', 'q': '0.00005000', 'T': 1758373801940, 'm': False, 'M': True}
[22:10:02] [INFO] {'e': 'trade', 'E': 1758373801940, 's': 'BTCUSDT', 't': 5245488956, 'p': '115871.87000000', 'q': '0.00010000', 'T': 1758373801940, 'm': False, 'M': True}
[22:10:02] [INFO] {'e': 'trade', 'E': 1758373801940, 's': 'BTCUSDT', 't': 5245488957, 'p': '115872.10000000', 'q': '0.00005000', 'T': 1758373801940, 'm': False, 'M': True}
[22:10:02] [INFO] {'e': 'trade', 'E': 1758373801940, 's': 'BTCUSDT', 't': 5245488958, 'p': '115872.10000000', 'q': '0.00010000', 'T': 1758373801940, 'm': False, 'M': True}
[22:10:02] [INFO] {'e': 'trade', 'E': 1758373801940, 's': 'BTCUSDT', 't': 5245488959, 'p': '115872.10000000', 'q': '0.00005000', 'T': 1758373801940, 'm': False, 'M': True}
[22:10:02] [INFO] {'e': 'trade', 'E': 1758373801940, 's': 'BTCUSDT', 't': 5245488960, 'p': '115872.10000000', 'q': '0.00005000', 'T': 1758373801940, 'm': False, 'M': True}
[22:10:02] [INFO] {'e': 'trade', 'E': 1758373801940, 's': 'BTCUSDT', 't': 5245488961, 'p': '115872.11000000', 'q': '0.00010000', 'T': 1758373801940, 'm': False, 'M': True}
[22:10:02] [INFO] {'e': 'trade', 'E': 1758373801940, 's': 'BTCUSDT', 't': 5245488962, 'p': '115873.11000000', 'q': '0.00489000', 'T': 1758373801940, 'm': False, 'M': True}
[22:10:02] [INFO] {'e': 'trade', 'E': 1758373801959, 's': 'BTCUSDT', 't': 5245488963, 'p': '115873.11000000', 'q': '0.00005000', 'T': 1758373801959, 'm': False, 'M': True}
[22:10:02] [INFO] {'e': 'trade', 'E': 1758373801959, 's': 'BTCUSDT', 't': 5245488964, 'p': '115873.11000000', 'q': '0.00005000', 'T': 1758373801959, 'm': False, 'M': True}
[22:10:02] [INFO] {'e': 'trade', 'E': 1758373801959, 's': 'BTCUSDT', 't': 5245488965, 'p': '115873.11000000', 'q': '0.00005000', 'T': 1758373801959, 'm': False, 'M': True}
[22:10:02] [INFO] {'e': 'trade', 'E': 1758373801959, 's': 'BTCUSDT', 't': 5245488966, 'p': '115873.11000000', 'q': '0.00005000', 'T': 1758373801959, 'm': False, 'M': True}
[22:10:02] [INFO] {'e': 'trade', 'E': 1758373801959, 's': 'BTCUSDT', 't': 5245488967, 'p': '115873.11000000', 'q': '0.00005000', 'T': 1758373801959, 'm': False, 'M': True}
[22:10:02] [INFO] {'e': 'trade', 'E': 1758373801959, 's': 'BTCUSDT', 't': 5245488968, 'p': '115873.11000000', 'q': '0.00005000', 'T': 1758373801959, 'm': False, 'M': True}
[22:10:02] [INFO] {'e': 'trade', 'E': 1758373801959, 's': 'BTCUSDT', 't': 5245488969, 'p': '115873.11000000', 'q': '0.00005000', 'T': 1758373801959, 'm': False, 'M': True}
[22:10:02] [INFO] {'e': 'trade', 'E': 1758373801959, 's': 'BTCUSDT', 't': 5245488970, 'p': '115873.11000000', 'q': '0.00005000', 'T': 1758373801959, 'm': False, 'M': True}
[22:10:02] [INFO] {'e': 'trade', 'E': 1758373801959, 's': 'BTCUSDT', 't': 5245488971, 'p': '115873.11000000', 'q': '0.00005000', 'T': 1758373801959, 'm': False, 'M': True}
[22:10:02] [INFO] {'e': 'trade', 'E': 1758373801959, 's': 'BTCUSDT', 't': 5245488972, 'p': '115873.11000000', 'q': '0.00005000', 'T': 1758373801959, 'm': False, 'M': True}
[22:10:02] [INFO] {'e': 'trade', 'E': 1758373801959, 's': 'BTCUSDT', 't': 5245488973, 'p': '115873.11000000', 'q': '0.00005000', 'T': 1758373801959, 'm': False, 'M': True}
[22:10:02] [INFO] {'e': 'trade', 'E': 1758373801959, 's': 'BTCUSDT', 't': 5245488974, 'p': '115873.11000000', 'q': '0.00005000', 'T': 1758373801959, 'm': False, 'M': True}
[22:10:02] [INFO] {'e': 'trade', 'E': 1758373801959, 's': 'BTCUSDT', 't': 5245488975, 'p': '115873.11000000', 'q': '0.00005000', 'T': 1758373801959, 'm': False, 'M': True}
[22:10:02] [INFO] {'e': 'trade', 'E': 1758373801959, 's': 'BTCUSDT', 't': 5245488976, 'p': '115873.11000000', 'q': '0.00005000', 'T': 1758373801959, 'm': False, 'M': True}
[22:10:02] [INFO] {'e': 'trade', 'E': 1758373801959, 's': 'BTCUSDT', 't': 5245488977, 'p': '115873.11000000', 'q': '0.00005000', 'T': 1758373801959, 'm': False, 'M': True}
[22:10:02] [INFO] {'e': 'trade', 'E': 1758373801959, 's': 'BTCUSDT', 't': 5245488978, 'p': '115873.11000000', 'q': '0.00005000', 'T': 1758373801959, 'm': False, 'M': True}
[22:10:02] [INFO] {'e': 'trade', 'E': 1758373801959, 's': 'BTCUSDT', 't': 5245488979, 'p': '115873.11000000', 'q': '0.00005000', 'T': 1758373801959, 'm': False, 'M': True}
[22:10:02] [INFO] {'e': 'trade', 'E': 1758373801959, 's': 'BTCUSDT', 't': 5245488980, 'p': '115873.11000000', 'q': '0.00005000', 'T': 1758373801959, 'm': False, 'M': True}
[22:10:02] [INFO] {'e': 'trade', 'E': 1758373801959, 's': 'BTCUSDT', 't': 5245488981, 'p': '115873.11000000', 'q': '0.00005000', 'T': 1758373801959, 'm': False, 'M': True}
[22:10:02] [INFO] {'e': 'trade', 'E': 1758373801959, 's': 'BTCUSDT', 't': 5245488982, 'p': '115873.12000000', 'q': '0.00005000', 'T': 1758373801959, 'm': False, 'M': True}
[22:10:02] [INFO] {'e': 'trade', 'E': 1758373801959, 's': 'BTCUSDT', 't': 5245488983, 'p': '115873.12000000', 'q': '0.00005000', 'T': 1758373801959, 'm': False, 'M': True}
[22:10:02] [INFO] {'e': 'trade', 'E': 1758373801959, 's': 'BTCUSDT', 't': 5245488984, 'p': '115873.12000000', 'q': '0.00005000', 'T': 1758373801959, 'm': False, 'M': True}
[22:10:02] [INFO] {'e': 'trade', 'E': 1758373801959, 's': 'BTCUSDT', 't': 5245488985, 'p': '115873.12000000', 'q': '0.00005000', 'T': 1758373801959, 'm': False, 'M': True}
[22:10:02] [INFO] {'e': 'trade', 'E': 1758373801959, 's': 'BTCUSDT', 't': 5245488986, 'p': '115873.12000000', 'q': '0.00005000', 'T': 1758373801959, 'm': False, 'M': True}
[22:10:02] [INFO] {'e': 'trade', 'E': 1758373801959, 's': 'BTCUSDT', 't': 5245488987, 'p': '115873.12000000', 'q': '0.00005000', 'T': 1758373801959, 'm': False, 'M': True}
[22:10:02] [INFO] {'e': 'trade', 'E': 1758373801959, 's': 'BTCUSDT', 't': 5245488988, 'p': '115873.12000000', 'q': '0.00005000', 'T': 1758373801959, 'm': False, 'M': True}
[22:10:02] [INFO] {'e': 'trade', 'E': 1758373801959, 's': 'BTCUSDT', 't': 5245488989, 'p': '115873.12000000', 'q': '0.00005000', 'T': 1758373801959, 'm': False, 'M': True}
[22:10:02] [INFO] {'e': 'trade', 'E': 1758373801959, 's': 'BTCUSDT', 't': 5245488990, 'p': '115873.12000000', 'q': '0.00005000', 'T': 1758373801959, 'm': False, 'M': True}
[22:10:02] [INFO] {'e': 'trade', 'E': 1758373801959, 's': 'BTCUSDT', 't': 5245488991, 'p': '115873.12000000', 'q': '0.00005000', 'T': 1758373801959, 'm': False, 'M': True}
[22:10:02] [INFO] {'e': 'trade', 'E': 1758373801959, 's': 'BTCUSDT', 't': 5245488992, 'p': '115873.12000000', 'q': '0.00005000', 'T': 1758373801959, 'm': False, 'M': True}
[22:10:02] [INFO] {'e': 'trade', 'E': 1758373801959, 's': 'BTCUSDT', 't': 5245488993, 'p': '115873.12000000', 'q': '0.00005000', 'T': 1758373801959, 'm': False, 'M': True}
[22:10:02] [INFO] {'e': 'trade', 'E': 1758373801959, 's': 'BTCUSDT', 't': 5245488994, 'p': '115873.12000000', 'q': '0.00005000', 'T': 1758373801959, 'm': False, 'M': True}
[22:10:02] [INFO] {'e': 'trade', 'E': 1758373801959, 's': 'BTCUSDT', 't': 5245488995, 'p': '115873.12000000', 'q': '0.00005000', 'T': 1758373801959, 'm': False, 'M': True}
[22:10:02] [INFO] {'e': 'trade', 'E': 1758373801959, 's': 'BTCUSDT', 't': 5245488996, 'p': '115874.22000000', 'q': '0.00005000', 'T': 1758373801959, 'm': False, 'M': True}
[22:10:02] [INFO] {'e': 'trade', 'E': 1758373801959, 's': 'BTCUSDT', 't': 5245488997, 'p': '115874.22000000', 'q': '0.00005000', 'T': 1758373801959, 'm': False, 'M': True}
[22:10:02] [INFO] {'e': 'trade', 'E': 1758373801959, 's': 'BTCUSDT', 't': 5245488998, 'p': '115874.22000000', 'q': '0.00005000', 'T': 1758373801959, 'm': False, 'M': True}
[22:10:02] [INFO] {'e': 'trade', 'E': 1758373801959, 's': 'BTCUSDT', 't': 5245488999, 'p': '115874.48000000', 'q': '0.00005000', 'T': 1758373801959, 'm': False, 'M': True}
[22:10:02] [INFO] {'e': 'trade', 'E': 1758373801959, 's': 'BTCUSDT', 't': 5245489000, 'p': '115874.48000000', 'q': '0.00005000', 'T': 1758373801959, 'm': False, 'M': True}
[22:10:02] [INFO] {'e': 'trade', 'E': 1758373801959, 's': 'BTCUSDT', 't': 5245489001, 'p': '115874.48000000', 'q': '0.00005000', 'T': 1758373801959, 'm': False, 'M': True}
[22:10:02] [INFO] {'e': 'trade', 'E': 1758373801959, 's': 'BTCUSDT', 't': 5245489002, 'p': '115874.49000000', 'q': '0.00051000', 'T': 1758373801959, 'm': False, 'M': True}
[22:10:02] [INFO] {'e': 'trade', 'E': 1758373801959, 's': 'BTCUSDT', 't': 5245489003, 'p': '115874.49000000', 'q': '0.02092000', 'T': 1758373801959, 'm': False, 'M': True}
[22:10:02] [INFO] {'e': 'trade', 'E': 1758373802500, 's': 'BTCUSDT', 't': 5245489418, 'p': '115882.40000000', 'q': '0.00118000', 'T': 1758373802500, 'm': True, 'M': True}
[22:10:04] [INFO] {'e': 'trade', 'E': 1758373804338, 's': 'BTCUSDT', 't': 5245489422, 'p': '115882.41000000', 'q': '0.00004000', 'T': 1758373804337, 'm': False, 'M': True}
[22:10:04] [INFO] {'e': 'trade', 'E': 1758373804338, 's': 'BTCUSDT', 't': 5245489423, 'p': '115882.41000000', 'q': '0.00005000', 'T': 1758373804337, 'm': False, 'M': True}
[22:10:04] [INFO] {'e': 'trade', 'E': 1758373804338, 's': 'BTCUSDT', 't': 5245489424, 'p': '115882.41000000', 'q': '0.00005000', 'T': 1758373804337, 'm': False, 'M': True}
[22:10:04] [INFO] {'e': 'trade', 'E': 1758373804338, 's': 'BTCUSDT', 't': 5245489425, 'p': '115882.41000000', 'q': '0.00186000', 'T': 1758373804337, 'm': False, 'M': True}
[22:10:06] [INFO] {'e': 'trade', 'E': 1758373806149, 's': 'BTCUSDT', 't': 5245489454, 'p': '115882.41000000', 'q': '0.00037000', 'T': 1758373806148, 'm': False, 'M': True}
[22:10:08] [INFO] {'e': 'trade', 'E': 1758373808080, 's': 'BTCUSDT', 't': 5245489461, 'p': '115882.40000000', 'q': '0.00431000', 'T': 1758373808079, 'm': True, 'M': True}
[22:10:08] [INFO] {'e': 'trade', 'E': 1758373808389, 's': 'BTCUSDT', 't': 5245489462, 'p': '115882.41000000', 'q': '0.00042000', 'T': 1758373808389, 'm': False, 'M': True}
[22:10:08] [INFO] {'e': 'trade', 'E': 1758373808389, 's': 'BTCUSDT', 't': 5245489463, 'p': '115882.41000000', 'q': '0.00005000', 'T': 1758373808389, 'm': False, 'M': True}
[22:10:08] [INFO] {'e': 'trade', 'E': 1758373808389, 's': 'BTCUSDT', 't': 5245489464, 'p': '115882.41000000', 'q': '0.00005000', 'T': 1758373808389, 'm': False, 'M': True}
[22:10:08] [INFO] {'e': 'trade', 'E': 1758373808389, 's': 'BTCUSDT', 't': 5245489465, 'p': '115882.41000000', 'q': '0.00897000', 'T': 1758373808389, 'm': False, 'M': True}
[22:10:08] [INFO] {'e': 'trade', 'E': 1758373808404, 's': 'BTCUSDT', 't': 5245489466, 'p': '115882.41000000', 'q': '0.00233000', 'T': 1758373808404, 'm': False, 'M': True}
[22:10:08] [INFO] {'e': 'trade', 'E': 1758373808665, 's': 'BTCUSDT', 't': 5245489468, 'p': '115882.41000000', 'q': '0.00115000', 'T': 1758373808665, 'm': False, 'M': True}
[22:10:09] [INFO] {'e': 'trade', 'E': 1758373809079, 's': 'BTCUSDT', 't': 5245489469, 'p': '115882.40000000', 'q': '0.00030000', 'T': 1758373809079, 'm': True, 'M': True}
[22:10:10] [INFO] {'e': 'trade', 'E': 1758373810465, 's': 'BTCUSDT', 't': 5245489470, 'p': '115882.40000000', 'q': '0.00086000', 'T': 1758373810465, 'm': True, 'M': True}
[22:10:11] [INFO] {'e': 'trade', 'E': 1758373811701, 's': 'BTCUSDT', 't': 5245489471, 'p': '115882.40000000', 'q': '0.08369000', 'T': 1758373811701, 'm': True, 'M': True}
[22:10:13] [INFO] {'e': 'trade', 'E': 1758373812975, 's': 'BTCUSDT', 't': 5245489472, 'p': '115882.40000000', 'q': '0.00187000', 'T': 1758373812975, 'm': True, 'M': True}
[22:10:14] [INFO] {'e': 'trade', 'E': 1758373814624, 's': 'BTCUSDT', 't': 5245489479, 'p': '115882.41000000', 'q': '0.00025000', 'T': 1758373814624, 'm': False, 'M': True}
[22:10:14] [INFO] {'e': 'trade', 'E': 1758373814639, 's': 'BTCUSDT', 't': 5245489480, 'p': '115882.41000000', 'q': '0.00122000', 'T': 1758373814639, 'm': False, 'M': True}
[22:10:14] [INFO] {'e': 'trade', 'E': 1758373814643, 's': 'BTCUSDT', 't': 5245489481, 'p': '115882.41000000', 'q': '0.01125000', 'T': 1758373814643, 'm': False, 'M': True}
[22:10:17] [INFO] {'e': 'trade', 'E': 1758373817098, 's': 'BTCUSDT', 't': 5245489489, 'p': '115882.41000000', 'q': '0.00200000', 'T': 1758373817097, 'm': False, 'M': True}
[22:10:17] [INFO] {'e': 'trade', 'E': 1758373817300, 's': 'BTCUSDT', 't': 5245489492, 'p': '115882.41000000', 'q': '0.00200000', 'T': 1758373817299, 'm': False, 'M': True}
[22:10:17] [INFO] {'e': 'trade', 'E': 1758373817646, 's': 'BTCUSDT', 't': 5245489528, 'p': '115882.99000000', 'q': '0.00011000', 'T': 1758373817646, 'm': True, 'M': True}
[22:10:17] [INFO] {'e': 'trade', 'E': 1758373817648, 's': 'BTCUSDT', 't': 5245489529, 'p': '115883.00000000', 'q': '0.00005000', 'T': 1758373817648, 'm': False, 'M': True}
[22:10:17] [INFO] {'e': 'trade', 'E': 1758373817648, 's': 'BTCUSDT', 't': 5245489530, 'p': '115883.00000000', 'q': '0.00005000', 'T': 1758373817648, 'm': False, 'M': True}
[22:10:17] [INFO] {'e': 'trade', 'E': 1758373817648, 's': 'BTCUSDT', 't': 5245489531, 'p': '115883.00000000', 'q': '0.00005000', 'T': 1758373817648, 'm': False, 'M': True}
[22:10:17] [INFO] {'e': 'trade', 'E': 1758373817648, 's': 'BTCUSDT', 't': 5245489532, 'p': '115883.00000000', 'q': '0.00005000', 'T': 1758373817648, 'm': False, 'M': True}
[22:10:17] [INFO] {'e': 'trade', 'E': 1758373817648, 's': 'BTCUSDT', 't': 5245489533, 'p': '115883.00000000', 'q': '0.00005000', 'T': 1758373817648, 'm': False, 'M': True}
[22:10:17] [INFO] {'e': 'trade', 'E': 1758373817648, 's': 'BTCUSDT', 't': 5245489534, 'p': '115883.00000000', 'q': '0.00005000', 'T': 1758373817648, 'm': False, 'M': True}
[22:10:17] [INFO] {'e': 'trade', 'E': 1758373817648, 's': 'BTCUSDT', 't': 5245489535, 'p': '115883.00000000', 'q': '0.00005000', 'T': 1758373817648, 'm': False, 'M': True}
[22:10:17] [INFO] {'e': 'trade', 'E': 1758373817648, 's': 'BTCUSDT', 't': 5245489536, 'p': '115883.00000000', 'q': '0.00005000', 'T': 1758373817648, 'm': False, 'M': True}
[22:10:17] [INFO] {'e': 'trade', 'E': 1758373817648, 's': 'BTCUSDT', 't': 5245489537, 'p': '115883.00000000', 'q': '0.00010000', 'T': 1758373817648, 'm': False, 'M': True}
[22:10:17] [INFO] {'e': 'trade', 'E': 1758373817648, 's': 'BTCUSDT', 't': 5245489538, 'p': '115883.00000000', 'q': '0.00005000', 'T': 1758373817648, 'm': False, 'M': True}
[22:10:17] [INFO] {'e': 'trade', 'E': 1758373817648, 's': 'BTCUSDT', 't': 5245489539, 'p': '115883.00000000', 'q': '0.00005000', 'T': 1758373817648, 'm': False, 'M': True}
[22:10:17] [INFO] {'e': 'trade', 'E': 1758373817648, 's': 'BTCUSDT', 't': 5245489540, 'p': '115883.00000000', 'q': '0.00005000', 'T': 1758373817648, 'm': False, 'M': True}
[22:10:17] [INFO] {'e': 'trade', 'E': 1758373817648, 's': 'BTCUSDT', 't': 5245489541, 'p': '115883.00000000', 'q': '0.00005000', 'T': 1758373817648, 'm': False, 'M': True}
[22:10:17] [INFO] {'e': 'trade', 'E': 1758373817648, 's': 'BTCUSDT', 't': 5245489542, 'p': '115883.00000000', 'q': '0.00005000', 'T': 1758373817648, 'm': False, 'M': True}
[22:10:17] [INFO] {'e': 'trade', 'E': 1758373817648, 's': 'BTCUSDT', 't': 5245489543, 'p': '115883.00000000', 'q': '0.00005000', 'T': 1758373817648, 'm': False, 'M': True}
[22:10:17] [INFO] {'e': 'trade', 'E': 1758373817648, 's': 'BTCUSDT', 't': 5245489544, 'p': '115883.00000000', 'q': '0.00005000', 'T': 1758373817648, 'm': False, 'M': True}
[22:10:17] [INFO] {'e': 'trade', 'E': 1758373817648, 's': 'BTCUSDT', 't': 5245489545, 'p': '115883.00000000', 'q': '0.00005000', 'T': 1758373817648, 'm': False, 'M': True}
[22:10:17] [INFO] {'e': 'trade', 'E': 1758373817648, 's': 'BTCUSDT', 't': 5245489546, 'p': '115883.00000000', 'q': '0.00005000', 'T': 1758373817648, 'm': False, 'M': True}
[22:10:17] [INFO] {'e': 'trade', 'E': 1758373817648, 's': 'BTCUSDT', 't': 5245489547, 'p': '115883.00000000', 'q': '0.00005000', 'T': 1758373817648, 'm': False, 'M': True}
[22:10:17] [INFO] {'e': 'trade', 'E': 1758373817648, 's': 'BTCUSDT', 't': 5245489548, 'p': '115883.00000000', 'q': '0.00005000', 'T': 1758373817648, 'm': False, 'M': True}
[22:10:17] [INFO] {'e': 'trade', 'E': 1758373817648, 's': 'BTCUSDT', 't': 5245489549, 'p': '115883.00000000', 'q': '0.00005000', 'T': 1758373817648, 'm': False, 'M': True}
[22:10:17] [INFO] {'e': 'trade', 'E': 1758373817648, 's': 'BTCUSDT', 't': 5245489550, 'p': '115883.00000000', 'q': '0.00005000', 'T': 1758373817648, 'm': False, 'M': True}
[22:10:17] [INFO] {'e': 'trade', 'E': 1758373817648, 's': 'BTCUSDT', 't': 5245489551, 'p': '115883.00000000', 'q': '0.00005000', 'T': 1758373817648, 'm': False, 'M': True}
[22:10:17] [INFO] {'e': 'trade', 'E': 1758373817648, 's': 'BTCUSDT', 't': 5245489552, 'p': '115883.01000000', 'q': '0.00005000', 'T': 1758373817648, 'm': False, 'M': True}
[22:10:17] [INFO] {'e': 'trade', 'E': 1758373817648, 's': 'BTCUSDT', 't': 5245489553, 'p': '115883.01000000', 'q': '0.00005000', 'T': 1758373817648, 'm': False, 'M': True}
[22:10:17] [INFO] {'e': 'trade', 'E': 1758373817648, 's': 'BTCUSDT', 't': 5245489554, 'p': '115883.01000000', 'q': '0.00005000', 'T': 1758373817648, 'm': False, 'M': True}
[22:10:17] [INFO] {'e': 'trade', 'E': 1758373817648, 's': 'BTCUSDT', 't': 5245489555, 'p': '115883.01000000', 'q': '0.00005000', 'T': 1758373817648, 'm': False, 'M': True}
[22:10:17] [INFO] {'e': 'trade', 'E': 1758373817648, 's': 'BTCUSDT', 't': 5245489556, 'p': '115883.01000000', 'q': '0.00005000', 'T': 1758373817648, 'm': False, 'M': True}
[22:10:17] [INFO] {'e': 'trade', 'E': 1758373817648, 's': 'BTCUSDT', 't': 5245489557, 'p': '115883.01000000', 'q': '0.00005000', 'T': 1758373817648, 'm': False, 'M': True}
[22:10:17] [INFO] {'e': 'trade', 'E': 1758373817648, 's': 'BTCUSDT', 't': 5245489558, 'p': '115883.01000000', 'q': '0.00005000', 'T': 1758373817648, 'm': False, 'M': True}
[22:10:17] [INFO] {'e': 'trade', 'E': 1758373817648, 's': 'BTCUSDT', 't': 5245489559, 'p': '115883.01000000', 'q': '0.00005000', 'T': 1758373817648, 'm': False, 'M': True}
[22:10:17] [INFO] {'e': 'trade', 'E': 1758373817648, 's': 'BTCUSDT', 't': 5245489560, 'p': '115883.01000000', 'q': '0.00005000', 'T': 1758373817648, 'm': False, 'M': True}
[22:10:17] [INFO] {'e': 'trade', 'E': 1758373817648, 's': 'BTCUSDT', 't': 5245489561, 'p': '115883.01000000', 'q': '0.00005000', 'T': 1758373817648, 'm': False, 'M': True}
[22:10:17] [INFO] {'e': 'trade', 'E': 1758373817648, 's': 'BTCUSDT', 't': 5245489562, 'p': '115883.01000000', 'q': '0.00005000', 'T': 1758373817648, 'm': False, 'M': True}
[22:10:17] [INFO] {'e': 'trade', 'E': 1758373817648, 's': 'BTCUSDT', 't': 5245489563, 'p': '115883.01000000', 'q': '0.00005000', 'T': 1758373817648, 'm': False, 'M': True}
[22:10:17] [INFO] {'e': 'trade', 'E': 1758373817648, 's': 'BTCUSDT', 't': 5245489564, 'p': '115883.01000000', 'q': '0.00005000', 'T': 1758373817648, 'm': False, 'M': True}
[22:10:17] [INFO] {'e': 'trade', 'E': 1758373817648, 's': 'BTCUSDT', 't': 5245489565, 'p': '115883.01000000', 'q': '0.00005000', 'T': 1758373817648, 'm': False, 'M': True}
[22:10:17] [INFO] {'e': 'trade', 'E': 1758373817648, 's': 'BTCUSDT', 't': 5245489566, 'p': '115883.02000000', 'q': '0.00010000', 'T': 1758373817648, 'm': False, 'M': True}
[22:10:19] [INFO] {'e': 'trade', 'E': 1758373819434, 's': 'BTCUSDT', 't': 5245489586, 'p': '115883.44000000', 'q': '0.00013000', 'T': 1758373819434, 'm': True, 'M': True}
[22:10:20] [INFO] {'e': 'trade', 'E': 1758373820391, 's': 'BTCUSDT', 't': 5245489587, 'p': '115883.45000000', 'q': '0.09899000', 'T': 1758373820390, 'm': False, 'M': True}
[22:10:20] [INFO] {'e': 'trade', 'E': 1758373820391, 's': 'BTCUSDT', 't': 5245489588, 'p': '115883.45000000', 'q': '0.00005000', 'T': 1758373820390, 'm': False, 'M': True}
[22:10:20] [INFO] {'e': 'trade', 'E': 1758373820391, 's': 'BTCUSDT', 't': 5245489589, 'p': '115883.45000000', 'q': '0.00005000', 'T': 1758373820390, 'm': False, 'M': True}
[22:10:20] [INFO] {'e': 'trade', 'E': 1758373820391, 's': 'BTCUSDT', 't': 5245489590, 'p': '115883.45000000', 'q': '0.00005000', 'T': 1758373820390, 'm': False, 'M': True}
[22:10:20] [INFO] {'e': 'trade', 'E': 1758373820391, 's': 'BTCUSDT', 't': 5245489591, 'p': '115883.45000000', 'q': '0.00005000', 'T': 1758373820390, 'm': False, 'M': True}
[22:10:20] [INFO] {'e': 'trade', 'E': 1758373820391, 's': 'BTCUSDT', 't': 5245489592, 'p': '115883.45000000', 'q': '0.00005000', 'T': 1758373820390, 'm': False, 'M': True}
[22:10:20] [INFO] {'e': 'trade', 'E': 1758373820391, 's': 'BTCUSDT', 't': 5245489593, 'p': '115883.45000000', 'q': '0.00005000', 'T': 1758373820390, 'm': False, 'M': True}
[22:10:20] [INFO] {'e': 'trade', 'E': 1758373820391, 's': 'BTCUSDT', 't': 5245489594, 'p': '115883.45000000', 'q': '0.11000000', 'T': 1758373820390, 'm': False, 'M': True}
[22:10:20] [INFO] {'e': 'trade', 'E': 1758373820391, 's': 'BTCUSDT', 't': 5245489595, 'p': '115883.45000000', 'q': '0.00011000', 'T': 1758373820390, 'm': False, 'M': True}
[22:10:20] [INFO] {'e': 'trade', 'E': 1758373820391, 's': 'BTCUSDT', 't': 5245489596, 'p': '115883.45000000', 'q': '0.00010000', 'T': 1758373820390, 'm': False, 'M': True}
[22:10:20] [INFO] {'e': 'trade', 'E': 1758373820391, 's': 'BTCUSDT', 't': 5245489597, 'p': '115883.45000000', 'q': '0.00005000', 'T': 1758373820390, 'm': False, 'M': True}
[22:10:20] [INFO] {'e': 'trade', 'E': 1758373820391, 's': 'BTCUSDT', 't': 5245489598, 'p': '115883.45000000', 'q': '0.00005000', 'T': 1758373820390, 'm': False, 'M': True}
[22:10:20] [INFO] {'e': 'trade', 'E': 1758373820391, 's': 'BTCUSDT', 't': 5245489599, 'p': '115883.45000000', 'q': '0.00005000', 'T': 1758373820390, 'm': False, 'M': True}
[22:10:20] [INFO] {'e': 'trade', 'E': 1758373820391, 's': 'BTCUSDT', 't': 5245489600, 'p': '115883.45000000', 'q': '0.00005000', 'T': 1758373820390, 'm': False, 'M': True}
[22:10:20] [INFO] {'e': 'trade', 'E': 1758373820391, 's': 'BTCUSDT', 't': 5245489601, 'p': '115883.46000000', 'q': '0.00005000', 'T': 1758373820390, 'm': False, 'M': True}
[22:10:20] [INFO] {'e': 'trade', 'E': 1758373820391, 's': 'BTCUSDT', 't': 5245489602, 'p': '115883.46000000', 'q': '0.00005000', 'T': 1758373820390, 'm': False, 'M': True}
[22:10:20] [INFO] {'e': 'trade', 'E': 1758373820391, 's': 'BTCUSDT', 't': 5245489603, 'p': '115883.46000000', 'q': '0.00005000', 'T': 1758373820390, 'm': False, 'M': True}
[22:10:20] [INFO] {'e': 'trade', 'E': 1758373820391, 's': 'BTCUSDT', 't': 5245489604, 'p': '115883.46000000', 'q': '0.00005000', 'T': 1758373820390, 'm': False, 'M': True}
[22:10:20] [INFO] {'e': 'trade', 'E': 1758373820391, 's': 'BTCUSDT', 't': 5245489605, 'p': '115883.46000000', 'q': '0.00005000', 'T': 1758373820390, 'm': False, 'M': True}
[22:10:20] [INFO] {'e': 'trade', 'E': 1758373820391, 's': 'BTCUSDT', 't': 5245489606, 'p': '115883.46000000', 'q': '0.00005000', 'T': 1758373820390, 'm': False, 'M': True}
[22:10:20] [INFO] {'e': 'trade', 'E': 1758373820391, 's': 'BTCUSDT', 't': 5245489607, 'p': '115883.46000000', 'q': '0.00005000', 'T': 1758373820390, 'm': False, 'M': True}
[22:10:20] [INFO] {'e': 'trade', 'E': 1758373820391, 's': 'BTCUSDT', 't': 5245489608, 'p': '115883.46000000', 'q': '0.00005000', 'T': 1758373820390, 'm': False, 'M': True}
[22:10:20] [INFO] {'e': 'trade', 'E': 1758373820391, 's': 'BTCUSDT', 't': 5245489609, 'p': '115883.46000000', 'q': '0.00005000', 'T': 1758373820390, 'm': False, 'M': True}
[22:10:20] [INFO] {'e': 'trade', 'E': 1758373820391, 's': 'BTCUSDT', 't': 5245489610, 'p': '115883.46000000', 'q': '0.00005000', 'T': 1758373820390, 'm': False, 'M': True}
[22:10:20] [INFO] {'e': 'trade', 'E': 1758373820391, 's': 'BTCUSDT', 't': 5245489611, 'p': '115883.46000000', 'q': '0.00005000', 'T': 1758373820390, 'm': False, 'M': True}
[22:10:20] [INFO] {'e': 'trade', 'E': 1758373820391, 's': 'BTCUSDT', 't': 5245489612, 'p': '115883.46000000', 'q': '0.00005000', 'T': 1758373820390, 'm': False, 'M': True}
[22:10:20] [INFO] {'e': 'trade', 'E': 1758373820391, 's': 'BTCUSDT', 't': 5245489613, 'p': '115883.46000000', 'q': '0.00005000', 'T': 1758373820390, 'm': False, 'M': True}
[22:10:20] [INFO] {'e': 'trade', 'E': 1758373820391, 's': 'BTCUSDT', 't': 5245489614, 'p': '115883.47000000', 'q': '0.00010000', 'T': 1758373820390, 'm': False, 'M': True}
[22:10:20] [INFO] {'e': 'trade', 'E': 1758373820391, 's': 'BTCUSDT', 't': 5245489615, 'p': '115883.54000000', 'q': '0.00005000', 'T': 1758373820390, 'm': False, 'M': True}
